3009 3977
1492 282 1525 331 4

303 456 496 503 evasisse
524 458 567 501 et
594 454 782 502 alteram
811 457 982 512 partem
1013 456 1143 512 δῆλος
1170 454 1216 511 in
1242 452 1460 498 notionem
1487 451 1759 498 causativam
1789 452 2020 511 ὀήλοποιός
2054 451 2230 509 abiisse,
2283 467 2417 510 quem.
2445 456 2696 514 explicandi

306 530 495 584 modum,
524 529 744 586 siquidem
772 530 882 575 haec
908 543 1057 577 eorum
1084 543 1207 575 meus
1236 531 1345 581 erat,
1372 541 1514 583 neque
1541 527 1809 584 argumentis
1835 541 1977 584 neque
2003 527 2215 588 exetnplis
2239 529 2410 577 munire
2435 535 2651 588 poterant.
2735 582 2745 588 ἱ

574 605 719 651 Unam
750 603 888 659 πυρὰς
921 603 1110 660 ἆϊδήλου
1139 601 1539 658 interpretationem
1567 601 1870 660 μεγαλόδηλον
1899 603 2090 648 aum-is
2117 602 2273 648 incerti
2289 617 2338 671 ‚a
2360 592 2602 668 Porphyrio
2626 619 2695 652 ro-

302 679 535 737 probatam
563 679 681 737 (vide
698 680 850 736 supra)
879 692 1006 724 nemo
1033 676 1177 724 adhuc
1189 679 1431 722 memoratu
1449 675 1624 732 dignam
1634 674 1909 729 existimavit,
1931 689 2200 733 quamquam
2225 677 2265 722 ei
2285 691 2371 722 11011
2386 679 2559 741 omniuo
2573 693 2695 726 asse—

303 758 494 801 ctatores
525 754 714 800 defuisse
743 753 955 799 videntur.
986 752 1159 799 Etenim
1175 752 1293 809 quod
1323 751 1381 796 ad
1409 764 1582 795 sensum
1611 749 1784 806 quidem
1803 751 1969 803 attinet,
1998 750 2148 795 eodem
2169 752 2283 796 redit
2299 753 2416 810 quod
2438 753 2696 800 Eustathins

304 828 439 875 semel
469 828 526 874 ad
555 827 605 875 11.
636 827 681 873 11
708 831 794 874 455
824 826 872 871 τὸ
902 830 988 885 τιῦρ
1016 825 1200 885 ἀΐδηλον
1237 826 1547 883 interpretatur
1584 827 1848 883 πολυφανὲς.
1907 825 2033 870 Certe
2060 830 2242 882 uterque
2268 827 2529 882 particulam
2554 829 2702 874 intexi-1

306 905 447 950 sivam
476 904 617 950 inesse
650 902 829 956 indicat,
860 917 975 959 quae
1002 901 1230 950 Eustathio
1258 904 1324 946 est
1353 919 1394 954 α,
1424 913 1523 945 cum
1552 899 1754 958 ἇ-ίὸηλον
1784 899 1902 958 παρὰ
1922 899 1967 944 τὸ
1995 901 2104 946 ἰδεῖν
2119 900 2263 955 ducat,
2282 901 2409 947 alteri
2437 906 2498 955 αῖ,
2529 903 2691 961 quippe

307 993 405 1022 cum
446 977 627 1035 ἀΐδηλον
658 978 845 1034 explicet
873 977 1207 1035 μεγαλό-δηλον.
1267 974 1350 1020 Sed
1379 974 1657 1020 Eustathium
1687 976 1837 1033 ἰδηλόν
1874 975 1987 1020 falso
2025 979 2338 1033 supponentem
2379 978 2514 1023 vincit
2539 983 2693 1026 auctor

280 1108 283 1112 Δ
306 1067 562 1110 anonymus,
604 1067 657 1097 ex
686 1053 808 1097 cuius
834 1051 1187 1108 interpretatione
1219 1049 1399 1108 ἀΐδηλον
1427 1048 1544 1093 idem
1571 1049 1690 1094 valet
1717 1053 1849 1106 atque
1877 1048 2104 1108 ἀρίδηλον.

577 1127 774 1173 Profecto
800 1126 907 1172 haec
930 1125 1231 1184 interpretatio
1257 1125 1418 1182 optime
1445 1123 1644 1169 adhiberi
1670 1127 1814 1181 potest
1839 1125 1933 1169 loco
1960 1124 2144 1170 multum
2159 1125 2397 1182 disceptato
2414 1126 2464 1170 11.
2490 1127 2536 1171 II
2553 1130 2696 1172 317—

309 1208 405 1257 319,
452 1203 685 1249 dummodo
708 1202 770 1247 ibi
799 1217 836 1245 v.
869 1205 953 1247 318
981 1201 1164 1259 ἀΐδηλον
1194 1200 1322 1245 lectio
1350 1200 1562 1244 maiorem
1592 1199 1722 1244 fidem
1749 1199 1911 1244 habeat
1945 1213 2079 1257 quam
2107 1200 2325 1259 ἀρίζηλον.
2383 1202 2449 1245 De
2477 1203 2601 1246 varia
2627 1203 2690 1247 le-

305 1280 443 1323 ctione
472 1277 748 1334 postmodum
776 1277 1042 1334 disputaturi
1069 1277 1242 1321 interim
1269 1275 1488 1332 volgatam
1518 1276 1794 1331 apponimus:

855 1352 994 1408 αὐτὰρ
1025 1351 1123 1396 ἐπεῖ
1150 1351 1256 1395 κατὰ
1287 1349 1405 1394 τέκν’
1437 1351 1575 1408 ἔφαγε
1606 1352 1846 1407 στρουθοῖο
1878 1350 1954 1394 καί
1985 1347 2135 1406 αὐτήν,

857 1427 931 1472 τὸν
960 1429 1041 1484 μὲν
1072 1426 1283 1484 ἀρίζηλον
1313 1429 1452 1484 θῆκεν
1482 1424 1581 1478 θεὸς
1613 1424 1658 1477 ὅς
1687 1442 1765 1482 περ
1797 1424 1977 1482 ἔφηνεν·

854 1506 960 1546 λᾶαν
989 1503 1070 1559 γάρ
1100 1519 1178 1556 μιν
1209 1483 1342 1558 ἔᾶηκε
1375 1499 1548 1556 Κρόνου
1580 1499 1682 1552 πάις
1712 1498 2035 1557 ἀγκυλομήτεω.

307 1579 498 1622 Tertium
528 1592 715 1631 versum,
761 1591 846 1633 quo
894 1577 1025 1621 draco
1053 1576 1099 1619 in
1129 1589 1283 1619 saxum
1311 1578 1503 1618 mutatus
1534 1587 1627 1617 esse
1654 1577 1874 1626 narratur,
1922 1574 2153 1629 genuinum
2186 1587 2280 1617 esse
2319 1577 2468 1628 utpote
2496 1575 2685 1618 auctori-

309 1657 399 1697 tate
428 1651 676 1695 Aristotelis
706 1650 856 1707 (schol.
887 1650 992 1694 Ven.
1021 1649 1080 1693 ad
1108 1649 1160 1694 11.
1191 1650 1235 1693 11
1266 1653 1348 1694 305
1376 1650 1408 1705 ¹)
1427 1651 1458 1704 ),
1514 1647 1717 1692 Zenodoti
1763 1647 1843 1704 (ibi
1876 1647 1932 1690 ad
1970 1662 2009 1691 v.
2042 1649 2156 1704 318),
2205 1647 2420 1691 Ciceronis
2463 1647 2517 1691 de
2551 1647 2685 1692 divin.

310 1725 355 1769 II
379 1729 448 1778 30,
472 1724 614 1768 Ovidii
628 1724 730 1767 Met.
750 1723 836 1769 XII
847 1727 900 1767 23
918 1722 1151 1776 firmatum,
1169 1721 1296 1766 hodie
1314 1722 1459 1766 nullus
1476 1727 1542 1766 est
1559 1723 1634 1778 Qui
1652 1722 1857 1778 ambigat,
1874 1735 1953 1766 nec
1968 1723 2110 1778 magis
2124 1723 2170 1765 in
2189 1722 2368 1766 dubium
2382 1722 2529 1766 vocari
2544 1727 2689 1779 potest

313 1800 419 1855 quin
450 1812 599 1842 sensus
634 1798 710 1841 sit:
753 1800 867 1842 Deus
903 1801 1134 1842 draconem
1170 1801 1443 1853 conspicuum
1482 1800 1672 1841 reddidit
1709 1801 1753 1841 in
1789 1812 1946 1841 saxum
1987 1812 2249 1850 conversum,
2291 1797 2360 1840 cui
2395 1801 2592 1853 portento
2629 1798 2688 1841 si-

310 1873 540 1916 millimum
568 1875 719 1925 postea
747 1870 858 1914 illud
888 1870 970 1914 fuit
997 1884 1098 1913 cum
1126 1871 1352 1925 Neptunus
1380 1886 1534 1915 navem
1562 1872 1818 1924 Phaeacum,
1849 1886 1936 1927 qua
1954 1872 2130 1928 Ulysses
2160 1871 2333 1925 domum
2358 1872 2560 1926 redierat,
2588 1886 2689 1928 pro-

310 1947 442 1992 bante
472 1947 575 1992 Iove
604 1947 649 1991 in
679 1960 833 1990 saxum
864 1949 1131 1990 converteret
1157 1945 1243 1990 od.·
1267 1946 1376 1990 XIII
1409 1950 1488 1990 156
1537 1947 1783 2004 (λίθον-νηῒ
1821 1949 1905 2003 θοῇ
1949 1946 2122 2002 ἱλεελον).
2181 1945 2276 1989 Iam
2311 1946 2424 1989 inter
2455 1946 2602 1990 varias
2630 1946 2692 1990 le-

311 2023 473 2066 ctiones
502 2021 715 2080 ἆρίδηλον
740 2021 958 2074 Zenodoti,
989 2020 1196 2078 ἀρίζηλον
1225 2021 1369 2065 nescio
1389 2021 1523 2074 cuius,
1554 2020 1739 2077 ἀΐζηλον
1765 2019 1923 2064 codicis
1941 2020 2232 2074 Ambrosiam,
2261 2018 2441 2079 ἀΐδηλον
2470 2020 2690 2077 Apollonii

310 2093 538 2150 Sophistae
567 2108 679 2149 quae
708 2093 896 2149 genuina
937 2093 993 2138 sit
1028 2094 1066 2138 si
1104 2094 1340 2150 quaeritur,
1379 2095 1500 2140 nulla
1540 2094 1629 2139 alia
1666 2099 1779 2140 certe
1814 2099 1906 2139 tam
1947 2095 2120 2148 facjlem
2158 2095 2215 2139 ad
2253 2095 2507 2140 mutandum
2536 2109 2691 2140 ansam

310 2169 520 2225 praebere
549 2173 719 2224 poterat
749 2183 881 2225 quam
911 2168 1109 2226 ἀΐδηλον,
1143 2169 1195 2213 de
1222 2170 1342 2214 cuius
1373 2170 1684 2227 significatione
1712 2184 1797 2215 non
1834 2163 2050 2227 liquebat(
2070 2170 2283 2227 Equidem
2311 2170 2574 2215 Zenodotum
2602 2169 2689 2215 leni

311 2243 549 2288 mutatione
587 2241 794 2300 ἀρίδηλον
842 2257 1018 2287 sensum
1051 2248 1274 2300 conspicui
1314 2245 1623 2300 expeditiorem
1659 2245 1899 2288 reddidisse
1937 2250 2042 2300 puto
2084 2245 2168 2292 hac
2214 2245 2355 2289 forma
2393 2245 2482 2288 suis
2524 2249 2689 2300 tempo-

313 2318 436 2360 ribus
466 2318 636 2372 volgari
663 2319 899 2372 proposita,
941 2318 1019 2361 alii
1047 2333 1149 2362 vero
1177 2323 1357 2374 propter
1386 2320 1472 2362 iota
1501 2334 1588 2362 uno
1617 2319 1698 2363 hoc
1725 2319 1820 2363 loco
1850 2319 2107 2375 productum
2146 2319 2355 2364 audacius
2383 2319 2581 2377 ἀΐζηλον,
2612 2320 2690 2364 alii

314 2392 578 2438 Zenodotum
608 2392 869 2449 corrigentes
898 2392 1110 2451 ἀρίζηλον
1139 2393 1365 2450 scripsisse
1394 2388 1505 2437 mihi'
1529 2392 1740 2437 videntur.
1799 2393 1954 2450 Itaque
1982 2393 2128 2437 varias
2164 2393 2367 2438 lectiones
2394 2407 2446 2438 ex
2476 2395 2690 2438 communi

313 2469 430 2512 fonte
461 2468 644 2526 ἀΐδηλον
673 2481 875 2512 manasse
905 2468 1136 2512 verisimile
1176 2472 1253 2512 est.
1313 2468 1406 2511 Iam
1444 2468 1574 2511 huius
1612 2468 1856 2512 vetustioris
1890 2468 2086 2512 lectionis
2123 2471 2254 2512 testes
2296 2468 2488 2524 produco
2515 2468 2692 2524 Apollo-

317 2541 438 2586 nium
466 2542 715 2599 Sophistam
745 2555 787 2598 p.
821 2546 887 2594 16,
920 2546 1001 2595 28„
1032 2542 1378 2586 Choeroboscum
1409 2543 1528 2598 apud
1559 2544 1696 2599 Etym.
1728 2558 1783 2584 m.
1813 2557 1855 2598 p.
1884 2547 1955 2595 41,
1984 2547 2068 2595 44.,
2099 2543 2358 2595 Ciceronem,
2387 2543 2462 2598 qui
2487 2543 2533 2585 111
2560 2542 2689 2587 huius

312 2616 398 2663 loci
426 2617 780 2674 interpretatione
809 2617 883 2674 (de
913 2617 1043 2661 divin.
1070 2618 1115 2659 II
1144 2620 1238 2674 30):
2264 2615 2274 2622 '

412 2722 419 2725 ,
989 2693 1070 2743 Qui
1100 2692 1186 2733 luci
1214 2693 1410 2734 ediderat
1439 2694 1605 2747 genitor
1634 2693 1873 2744 Saturnius,
1903 2693 2017 2735 idem

987 2766 1158 2809 abdidit
1185 2771 1227 2810 et
1255 2768 1364 2810 duro
1392 2767 1583 2811 firmavit
1609 2768 1798 2823 tegmina
1828 2781 1946 2812 saxo.

315 2840 451 2887 verbo
472 2843 707 2893 ·‚,abdid··1“
737 2855 784 2886 se
817 2840 1000 2898 ἀΐδηλον
1042 2843 1179 2898 θῆκεν
1208 2841 1364 2898 legisse
1392 2846 1434 2886 et
1461 2842 1569 2886 haec
1598 2841 1731 2886 verba
1758 2856 1839 2898 pro
1870 2840 2031 2900 ἄδηλον
2070 2842 2273 2900 ἐποίησεν
2308 2840 2527 2898 accepisse
2554 2841 2694 2885 mani-

314 2915 426 2963 festo
456 2914 631 2968 indicat,
661 2914 705 2960 in
728 2928 854 2971 quem
886 2928 1092 2968 errorem,
1124 2915 1160 2958 si
1180 2914 1390 2973 ἀρίδηλον
1419 2916 1486 2960 vel
1516 2916 1723 2974 ἇριζηλον
1751 2918 1939 2976 legisset,
1968 2916 2157 2960 incidere
2184 2930 2269 2960 11011
2297 2915 2447 2972 potuit.
2478 2915 2633 2972 Itaque
2649 2919 2694 2959 et

313 2987 618 3045 probabilibus
674 2990 782 3033 artis
812 2990 988 3034 criticae
1025 2989 1269 3034 rat-ionibus
1310 2997 1353 3034 et
1390 2993 1517 3035 certis
1557 2992 1811 3036 testimoniis
1849 2990 2031 3048 ἀΐδηλον
2067 2991 2297 3046 genuinam
2333 2990 2559 3034 lectionem
2594 3003 2691 3034 esse

313 3063 538 3115 evincitur,
568 3063 613 3109 id
643 3063 758 3118 quod
786 3064 875 3108 iam
907 3064 1196 3108 Buttmaunus
1225 3065 1412 3120 probare
1437 3066 1518 3110 etsi
1546 3067 1737 3110 timidius
1765 3069 2055 3122 temptaverat
2082 3067 2132 3122 ²).
2161 3065 2312 3121 Neque
2325 3069 2471 3109 tamen
2495 3064 2691 3124 ἀΐδηλον,

542 3251 570 3295 ¹)
595 3253 776 3289 Duontm
801 3252 844 3287 de
867 3253 996 3287 Zenod.
1021 3252 1137 3298 studd.
1161 3254 1266 3288 Hom.
1290 3266 1325 3299 p.
1350 3254 1428 3290 157.

533 3314 562 3356 ²)
588 3316 824 3350 Buttmannus
851 3312 1013 3356 α’·ίδηλον
1036 3315 1083 3350 ad
1106 3316 1350 3352 Aristarchum
1373 3320 1476 3353 refert
1499 3325 1689 3361 auctorem,
1714 3319 1774 3353 sed
1800 3320 1841 3361 is,
1873 3319 1935 3362 qui
1962 3315 2101 3360 ἄϊδηλα
2132 3317 2188 3353 bis
2219 3319 2298 3354 loco
2330 3319 2440 3353 movit
2475 3318 2516 3352 11.
2546 3318 2578 3352 V
2608 3316 2689 3352 757.

587 3380 666 3424 872,
690 3382 853 3426 inprimi·
877 3382 933 3418 ini
955 3382 1086 3418 favisse
1107 3393 1178 3416 non
1202 3390 1254 3417 est
1275 3384 1482 3418 censendus.
