3009 3977
820 937 970 994 DE
1006 895 1618 994 EPITHETIS
1657 938 2299 997 HOMERICIS

1000 1053 1226 1120 ἀΐδηλος,
1266 1055 1558 1120 ἐπηετανός,
1599 1054 1867 1118 ἇσπάσιος,
1907 1056 2106 1118 ἀάατος.

648 1390 800 1434 Studia
828 1394 969 1434 textus
1008 1391 1226 1434 Homerici
1264 1390 1548 1434 constituendi
1585 1404 1613 1434 a
1651 1390 1698 1433 F.
1735 1392 1785 1434 A.
1816 1389 1971 1435 Wolfio
2008 1391 2234 1447 praeclare
2270 1392 2468 1436 instituta
2502 1396 2634 1448 atque
2661 1406 2742 1449 per

378 1464 526 1508 decem
553 1462 653 1507 inde
682 1463 822 1508 lustra
850 1478 878 1506 a
915 1463 1061 1508 multis
1100 1463 1338 1508 editoribus
1375 1477 1511 1520 usque
1549 1463 1606 1507 ad
1650 1463 1684 1507 1.
1724 1463 1966 1509 Bekkerum
2003 1465 2172 1510 naviter
2208 1466 2455 1511 continuata
2481 1470 2575 1510 tum
2603 1467 2740 1523 copiis

378 1537 539 1582 criticis
568 1538 706 1582 auctis
734 1541 828 1581 tum
857 1541 1050 1582 veterum
1076 1538 1455 1594 grammaticorum
1469 1537 1673 1582 subsidiis
1688 1537 1876 1583 collectis
1906 1543 1948 1583 et
1963 1539 2009 1583 in
2027 1553 2153 1584 usum
2170 1540 2386 1585 conversis
2403 1544 2580 1597 propter
2597 1540 2740 1597 splen-

377 1612 527 1656 didum
555 1617 753 1657 eventum
775 1614 843 1683 ita
872 1613 1217 1669 praevaluerunt,
1249 1617 1298 1657 ut
1335 1613 1551 1669 exegetica
1571 1611 1811 1658 studiorum
1835 1613 2160 1659 Homericorum
2187 1628 2292 1671 pars
2321 1613 2403 1660 hoc
2431 1614 2603 1671 quidem
2630 1619 2741 1660 tem·

375 1703 483 1744 pore
499 1688 572 1732 vix
586 1687 828 1743 aequaliter
842 1688 1049 1744 procedat
1064 1692 1195 1745 atque
1212 1687 1292 1732 illa
1307 1687 1469 1732 critica.
1499 1687 1802 1732 Verumtamen
1832 1686 1970 1732 altera
1997 1685 2176 1733 alterius
2205 1686 2368 1733 auxilio
2395 1700 2529 1745 quam
2555 1689 2739 1734 maxime

374 1762 540 1820 indiget
566 1766 609 1807 et
635 1763 860 1807 coniuncta
889 1763 1061 1808 demum
1087 1763 1314 1820 utriusque
1343 1776 1474 1819 opera
1503 1762 1558 1806 ad
1579 1762 1822 1819 principem
1837 1764 2064 1819 poetarum
2092 1765 2207 1808 recte
2234 1762 2560 1820 intelligendum
2587 1777 2739 1821 perve-

375 1837 505 1882 nit1n·.
540 1838 599 1883 Ut
626 1838 740 1882 enim
770 1838 998 1893 genuinam
1026 1842 1168 1883 textus
1197 1838 1382 1883 formam
1407 1837 1637 1894 indagasse
1654 1836 1786 1891 iuvat,
1815 1836 1878 1881 ita
1897 1851 1950 1881 ex
1966 1836 2083 1881 iusta
2107 1837 2472 1894 interpretatione,
2504 1849 2593 1894 qua
2611 1851 2738 1882 verus

376 1927 527 1957 sensus
565 1913 722 1957 summi
761 1915 914 1968 poeitae
946 1912 1070 1957 nobis
1106 1913 1312 1969 aperitur,
1353 1912 1558 1957 maiorem
1594 1911 1861 1968 voluptatem
1896 1926 1974 1956 nos
2021 1911 2243 1968 percipere
2287 1915 2620 1956 consentaneum
2658 1916 2764 1956 est·

374 1988 593 2041 Quantum
622 1991 762 2032 autem
794 1991 999 2033 accurata
1027 1988 1377 2045 interpretatione
1407 1986 1633 2032 verborum
1659 1986 1925 2044 poeticorum
1955 1985 2022 2031 vel
2039 1985 2355 2031 reconditorum
2371 1987 2588 2043 praestari
2601 1987 2740 2043 possit

377 2076 430 2106 ac
459 2061 628 2116 debeat,
657 2062 912 2107 documento
941 2066 1041 2107 sunt
1067 2062 1321 2120 praeclarae
1347 2063 1450 2107 illae
1478 2062 1762 2118 quaestiones,
1794 2061 1952 2117 quibus
1968 2061 2254 2104 Buttmannus
2271 2061 2515 2103 Nitzschius
2533 2061 2740 2116 Naegels-

374 2135 557 2181 bachius
586 2136 872 2180 Doederlinus
898 2137 1137 2181 Lobeckius
1177 2137 1380 2181 Lehrsius
1407 2137 1547 2180 Lucas
1573 2137 1840 2180 Duentzerus
1867 2136 2104 2178 Ahrensius
2131 2135 2291 2178 multas
2329 2149 2455 2178 voces
2484 2135 2739 2178 Homericae

374 2208 662 2252 illustrarunt.
722 2209 881 2251 Eorum
911 2209 1092 2265 vestigia
1117 2214 1367 2265 presserunt
1394 2210 1446 2252 G.
1476 2210 1649 2253 Curtius
1677 2210 2035 2253 Friedlaenderus
2073 2211 2124 2252 A.
2161 2208 2395 2253 Goebelius
2424 2209 2513 2260 alii,
2546 2209 2620 2264 qui
2650 2207 2739 2252 Ho-

373 2296 491 2344 mero
519 2282 842 2338 interpretando
872 2297 967 2326 cum
997 2296 1154 2339 magno
1183 2284 1325 2327 fructu
1354 2282 1487 2327 dediti
1514 2298 1648 2328 novas
1677 2298 1776 2340 spes
1804 2288 1848 2327 et
1869 2298 1944 2327 eas
1973 2284 2232 2327 laetissimas
2255 2283 2454 2326 excitant.
2475 2283 2740 2338 Per-magnus

375 2356 488 2399 enim
516 2359 583 2399 est
610 2370 812 2399 numerus
843 2370 996 2400 vocum
1021 2357 1362 2410 Homericamm,
1393 2356 1446 2400 de
1469 2373 1652 2414 quarum
1681 2359 1991 2416 significatione
2019 2363 2061 2402 et
2089 2358 2254 2414 origine
2280 2358 2389 2401 nihil
2417 2358 2523 2401 certi
2559 2360 2741 2401 constat-

375 2431 444 2475 Ex
473 2430 631 2487 quibus
659 2431 696 2474 si
723 2435 812 2475 tres
841 2435 1080 2487 quatuorve
1108 2432 1406 2477 tantummodo
1437 2433 1498 2477 ita
1535 2433 1756 2478 illustrare
1784 2434 1891 2478 mihi
1919 2433 2157 2490 contigerit,
2193 2437 2243 2477 ut
2278 2446 2427 2478 earum
2460 2431 2744 2478 conformatio

379 2509 422 2548 et
452 2505 709 2561 significatio
738 2520 761 2549 e
792 2506 973 2562 caligine
999 2506 1045 2549 in
1073 2506 1212 2550 lucem
1242 2510 1395 2551 vocata
1423 2512 1645 2564 appareat,
1676 2508 1803 2552 datae
1839 2509 1936 2552 huic
1971 2508 2184 2552 occasioni
2217 2506 2433 2551 scribendi
2460 2521 2529 2551 me
2556 2521 2644 2551 non
2672 2506 2746 2551 de-

377 2578 512 2623 fuisse
540 2593 800 2636 magnopere
829 2579 1039 2636 gaudebo.
2232 2620 2237 2625 .

649 2653 734 2697 Vix
764 2653 904 2698 ullum
933 2654 1052 2698 aliud
1083 2655 1300 2711 epitheton
1329 2656 1604 2702 Homericum
1632 2662 1724 2702 tam
1750 2658 1910 2702 multas
1937 2661 2113 2714 tamque
2149 2656 2291 2700 varias
2326 2656 2520 2700 virorum
2548 2654 2745 2700 doctissi-

374 2742 544 2773 morum
572 2727 881 2785 explicationes
909 2732 1132 2786 expertum
1161 2733 1227 2774 est
1255 2743 1388 2786 quam
1458 2716 1464 2722 ”

1330 2823 1398 2875 'A
1433 2826 1460 2874 ‘l‘
1486 2828 1521 2875 δ
1550 2845 1576 2890 η
1615 2827 1645 2874 λ
1682 2845 1709 2875 o
1749 2845 1786 2884 ς.

373 2922 434 2967 Ut
467 2938 564 2968 cum
584 2923 845 2969 Buttmanno
873 2938 953 2981 pro
971 2938 1036 2979 ea,
1059 2938 1147 2981 qua
1175 2926 1288 2970 inter
1313 2926 1493 2971 Homeri
1520 2932 1871 2972 commentatores
1900 2941 1976 2971 suo
2003 2927 2096 2970 iure
2118 2924 2372 2981 praepollet,
2398 2925 2651 2969 auctoritate
2678 2924 2742 2966 in-

377 2998 549 3054 cipiam,
573 2999 620 3043 in
646 2998 730 3043 hac
749 3012 851 3043 voce
876 2999 1134 3056 explicanda
1160 3000 1234 3045 ille
1262 3003 1555 3058 quaestionem
1581 3001 1691 3047 bene
1706 3001 1879 3058 quidem
1892 3001 2133 3045 institutam
2159 3003 2306 3043 tamen
2334 2997 2393 3043 ad
2417 2997 2629 3055 liquidum
2656 3010 2743 3040 non

374 3072 590 3129 perduxit,
622 3075 782 3131 quippe
812 3074 887 3130 qui
915 3074 968 3118 de
997 3074 1307 3132 significatione
1334 3077 1426 3121 eius
1444 3091 1751 3134 nonnunquam
1769 3075 1927 3119 dubius
1958 3074 2147 3119 haeserit
2173 3088 2253 3117 nec
2282 3073 2540 3118 vocabulum
2566 3072 2623 3115 ad
2651 3086 2742 3115 cer-

371 3149 465 3191 tam
492 3148 700 3205 originem
725 3149 1003 3193 revocaverit.
1053 3149 1226 3206 Optime
1255 3151 1429 3207 quidem
1458 3152 1516 3195 ad
1547 3152 1690 3195 varias
1719 3149 1919 3195 vocabuli
1944 3150 2055 3206 epici
2085 3149 2264 3207 ἀΐδηλος
2291 3147 2618 3206 significationes
2647 3161 2744 3203 per-

374 3222 633 3266 scrutandas
660 3223 705 3266 in
734 3223 938 3280 Lexilogo
965 3223 988 3267 I
1015 3237 1057 3280 p.
1087 3228 1170 3268 247
1200 3224 1257 3268 ab
1287 3238 1370 3269 usu
1397 3226 1625 3283 epithetico
1654 3229 1739 3283 πῦρ
1768 3227 1947 3308 ἀΐδηλβν
1978 3225 2029 3268 Il.
2058 3224 2103 3268 H
2131 3228 2230 3269 455.
2260 3224 2324 3268 IX
2348 3227 2444 3268 436.
2471 3222 2532 3266 XI
2561 3224 2640 3265 155
2671 3236 2744 3266 ex·

374 3308 499 3340 orsus
524 3296 607 3341 hoc
635 3297 748 3354 ignis
775 3297 964 3354 epitheto
991 3298 1192 3343 vastandi
1222 3299 1444 3355 quandam
1473 3301 1559 3345 vim
1586 3301 1769 3345 indicari
1799 3300 1963 3354 statuit,
1992 3298 2147 3343 deinde
2176 3312 2274 3343 cum
2300 3296 2492 3341 homines
2521 3298 2652 3352 atque
2682 3294 2746 3339 dii

371 3369 455 3414 hac
483 3384 585 3417 voce
616 3371 904 3429 designentur,
949 3387 1003 3418 ex
1029 3372 1098 3417 his
1125 3372 1247 3418 Mars
1286 3372 1467 3432 ἀΐδηλος
1498 3374 1647 3420 audiat
1681 3374 1721 3419 V
1760 3377 1855 3419 897.
1904 3373 1982 3418 Od.
2015 3372 2125 3417 VIII
2162 3376 2243 3418 309
2271 3372 2434 3428 pariter
2462 3383 2515 3413 ac
2542 3369 2744 3413 Minerva
