3009 3977
1489 215 1563 279 14,

330 385 452 430 Idem
480 399 579 429 cum
603 398 632 429 a
657 385 797 430 vocali
822 385 1012 440 incipere
1040 388 1266 441 appareat,
1294 384 1520 440 negativae
1548 384 1790 440 particulae
1802 384 1943 429 forma
1964 384 2049 428 nisi
2074 385 2245 441 integra
2265 386 2323 428 ἄν
2345 385 2386 439 ei
2414 385 2596 443 praefigi
2613 400 2701 432 non

330 463 485 517 potest,
514 460 875 516 quemadmodum
891 458 1010 515 apud
1027 462 1180 515 poetas
1204 460 1393 514 tragicos
1422 459 1615 511 ἇν-ατος,
1646 458 1703 501 ab
1732 458 1812 516 ἄτη
1841 462 2062 503 contracto
2090 459 2389 515 compositum,
2418 459 2551 504 scribi
2579 459 2699 505 vide-

331 550 428 579 mus
455 535 608 578 Aesch.
638 534 789 591 Suppl.
820 538 916 578 356.
946 537 1041 578 359.
1069 533 1199 590 Soph.
1231 533 1334 577 Oed.
1367 533 1413 576 O.
1447 536 1541 576 786.
1601 533 1757 588 Itaque
1774 533 1932 576 mirum
1961 537 2027 577 est
2055 533 2173 589 quid
2190 515 2396 577 acciderit
2424 533 2700 589 Buttmanno,

332 608 408 663 qui
435 609 480 651 in
508 607 713 663 Lexilogo
743 608 765 651 Ι
793 621 836 663 p.
868 611 953 651 230
982 607 1146 660 ἀάατος
1177 621 1324 651 vocem
1343 607 1621 650 Homericam
1648 610 1873 662 tamquam
1891 608 2118 663 negatione
2135 608 2392 652 instructam
2416 610 2621 663 illaesum,
2638 612 2701 654 in-

330 686 528 727 violabile
556 683 800 739 significare
828 682 912 725 sibi
941 683 1218 738 persuaserit.
1253 682 1342 725 Nec
1364 681 1507 724 minus
1532 682 1578 726 in
1607 696 1656 726 eo
1685 681 1848 724 labitur
1874 681 1942 724 vir
1971 683 2181 738 egregius,
2212 683 2328 738 quod
2344 682 2468 727 illam
2494 683 2551 727 ab
2569 683 2701 737 αἀτός

332 757 471 810 ducit;
497 772 637 812 neque
665 757 779 800 enim
808 758 941 808 αάτός
970 757 1231 800 adjectivum
1258 755 1432 799 verbale
1462 755 1520 798 ab
1551 756 1643 799 ἇάω
1668 755 1900 799 formatum
1928 759 2082 808 exstat,
2110 770 2263 811 neque,
2294 758 2331 800 si
2356 760 2558 810 exstaret,
2588 759 2699 802 eius·

332 831 450 876 modi
478 830 733 887 significatio
757 833 974 876 violabilis
1003 831 1100 875 elici
1128 835 1287 888 posset.
1344 832 1484 881 'Acina
1517 831 1631 886 quod
1659 835 1822 875 veteres
1836 846 1915 887 per
1931 832 2107 885 βλάπτω
2121 832 2473 887 interpretantur,
2503 833 2701 888 designat

328 907 375 950 in
404 920 594 951 errorem
623 905 778 950 mentis
808 905 876 950 vel
903 905 1101 950 fraudem
1131 910 1172 950 et
1202 904 1408 949 damnum
1437 905 1624 959 iniicere,
1655 905 1864 962 decipere,
1894 921 2116 962 nunquam
2146 905 2321 959 violare,
2361 906 2556 961 laedere3
2587 907 2699 952 0²de-

333 985 448 1039 σθην
479 981 528 1024 11.
558 981 661 1026 XIX
693 985 774 1025 136
804 984 1003 1037 deceptus
1030 981 1099 1024 vel
1128 984 1268 1025 animo
1295 982 1572 1036 perturbatus
1599 996 1705 1034 sum,
1738 974 1973 1038 ἇΡᾰσάμην
2000 980 2059 1023 ib.
2089 984 2168 1024 137
2207 978 2431 1038 (ἀλλ’ἐπεί
2463 980 2698 1040 ἆΓασάμην

332 1058 413 1100 καί
434 1075 516 1111 μευ
547 1058 716 1113 φρένας
747 1057 912 1108 ἐξέλετο
940 1047 1071 1111 Ζεύς)
1101 1059 1144 1099 in
1173 1059 1397 1099 amentiam
1426 1058 1571 1099 incidi.
1602 1055 1697 1098 Iam
1724 1055 1768 1097 in
1799 1069 1971 1098 Sensum
1988 1054 2178 1107 ἆόΓαι-ος
2201 1056 2378 1111 epitheti
2395 1056 2616 1099 Homerici
2629 1058 2697 1101 in-

332 1132 551 1186 quirentes
581 1145 607 1174 a
636 1145 762 1174 versu
790 1130 840 1174 Il.
864 1129 967 1174 XIV
996 1133 1073 1174 271
1106 1129 1374 1174 exordimur:

873 1203 1038 1262 ’'Aypet
1067 1209 1143 1248 νῦν
1172 1223 1249 1260 μοι
1282 1203 1475 1259 ὄμοσσον
1506 1202 1697 1248 ἆάΡατον
1727 1205 1890 1260 Στυγὸς
1918 1203 2056 1259 ὕδωρ,

328 1279 406 1324 ubi
436 1280 668 1325 Scholiasta
695 1280 803 1323 Ven.
834 1280 902 1323 his
933 1280 1099 1324 verbis:
1132 1279 1178 1323 τὸ
1209 1299 1235 1322 α
1267 1280 1342 1323 καί
1371 1279 1578 1336 στέρησιν
1618 1278 1693 1321 καί
1733 1270 1934 1322 ἐπῆασιν
1973 1281 2112 1337 δηλοῖ,
2151 1279 2209 1332 ὥς
2254 1278 2446 1336 ἀβλαβὲς
2484 1282 2567 1336 μὲν
2602 1289 2696 1335 τοῖς

340 1352 549 1412 εὖόρκοις,
580 1356 858 1410 πολυβλαβὲς
890 1357 939 1399 δὲ
962 1362 1054 1407 τοῖς
1086 1356 1307 1410 ἐπιόρκοις
1334 1368 1421 1397 non
1450 1353 1554 1397 dicit
1569 1354 1709 1410 Stygis
1735 1367 1895 1409 aquam
1916 1354 2070 1398 violari
2098 1368 2183 1398 non
2214 1368 2353 1410 posse,
2383 1356 2514 1399 immo
2543 1370 2570 1400 a
2598 1370 2696 1412 per-

329 1430 438 1474 iuris
467 1444 594 1485 posse
625 1428 853 1485 significat,
883 1430 958 1473 sed
988 1429 1171 1485 ambigit
1204 1430 1487 1473 innocuamne
1515 1442 1611 1472 eam
1640 1428 1757 1471 dicat
1785 1443 1841 1471 an
1871 1428 2135 1473 damnosam.
2164 1431 2223 1472 At
2253 1443 2354 1473 vero
2379 1444 2476 1474 cum
2502 1427 2695 1484 ἇάΙΡατος

327 1504 556 1560 negatione
586 1503 797 1559 explicari
827 1504 1000 1547 minime
1028 1504 1166 1558 possit
1193 1504 1365 1559 linguae
1394 1502 1564 1557 legibus
1594 1502 1864 1545 obstantibus
1890 1504 2117 1558 quominus
2144 1502 2257 1546 idem
2288 1505 2344 1546 sit
2375 1505 2491 1559 quod
2520 1503 2692 1558 ἄνατος,

330 1578 471 1623 solum
488 1581 625 1622 restat
639 1581 689 1622 ut
710 1597 737 1622 ιι
766 1577 976 1622 intensivo
1005 1577 1195 1622 admisso
1216 1577 1356 1635 Stygis
1382 1590 1544 1632 aquam
1568 1581 1823 1634 πολυβλαβῆ
1852 1579 2097 1622 damnosam
2115 1577 2447 1634 interpretemur
2473 1593 2525 1624 ex
2554 1584 2693 1625 mente

328 1656 539 1707 veterum,
570 1665 752 1708 quorum
781 1652 925 1696 animo
954 1652 1160 1696 damnum
1190 1652 1278 1696 sive
1307 1651 1533 1695 calamitas
1561 1665 1588 1695 a
1622 1654 1844 1708 peccatore
1872 1651 2091 1708 peierante
2120 1652 2435 1697 extimescenda
2464 1652 2695 1700 obversata

328 1743 423 1772 esse
452 1727 632 1771 videtur.
692 1728 797 1784 Styx
822 1728 939 1771 enim
967 1731 1147 1771 vocatur
1179 1730 1317 1780 δεινὸς
1349 1728 1475 1783 ὅρκος
1506 1727 1558 1771 Il.
1589 1728 1633 1771 II
1665 1732 1758 1772 755.
1788 1727 1866 1771 XV
1907 1731 1987 1780 38„
2024 1727 2115 1771 eius
2151 1741 2267 1784 aqua
2305 1728 2472 1786 Στυγός
2508 1729 2695 1788 ὄβριμον

327 1805 447 1859 ὕδωρ
484 1803 628 1860 hymn.
666 1804 792 1847 Hom.
820 1804 866 1846 in
894 1804 1026 1847 Merc.
1060 1807 1153 1856 519,
1184 1806 1330 1859 utpote
1358 1802 1470 1845 unde
1499 1802 1543 1844 in
1572 1802 1770 1858 periuros
1799 1816 1895 1845 cum
1935 1802 2049 1855 deOS,
2078 1806 2170 1846 tum
2198 1803 2390 1847 homines
2435 1818 2595 1861 magna
2623 1819 2689 1849 re-

327 1879 490 1922 dundet
515 1879 755 1922 calamitas.
815 1879 942 1921 Hunc
971 1892 1144 1921 sensum
1175 1878 1332 1921 diserte
1360 1878 1560 1933 exprimit
1588 1876 1804 1920 Hesiodus
1820 1877 1974 1932 Tbeog.
1994 1880 2088 1931 231,
2116 1878 2192 1921 ubi
2221 1878 2331 1922 inter
2359 1879 2503 1922 Eridis
2534 1879 2692 1923 liberos

326 1954 475 1996 statim
503 1957 603 2008 post
632 1951 770 2009 ’Ἀτην
799 1952 1005 1995 describit
1036 1954 1219 2010 Ὅρκονι
2385 1980 2406 1993 .

873 2028 1032 2084 ’Όρκον
1062 2028 1186 2081 θ’,ὃς
1219 2030 1271 2085 δὴ
1302 2033 1499 2070 πλεῖστον
1531 2027 1811 2080 ἐπιχθονίους
1843 2026 2100 2082 ἀνθρώπους

868 2104 1093 2159 πημαίνει,
1126 2103 1194 2145 ὅτε
1224 2105 1297 2145 κέν
1326 2119 1391 2153 τις
1421 2102 1531 2144 ἑκών
1555 2101 1757 2156 ἐπίορκον
1788 2101 1968 2159 ὀμόσσῃ.

327 2179 445 2230 Quae
474 2192 572 2220 cum
600 2178 663 2220 ita
692 2178 788 2229 sint,
807 2178 860 2219 iis
880 2178 1097 2221 veteribus
1116 2176 1521 2220 commentatoribus
1537 2176 1808 2227 assentimur,
1830 2189 2013 2229 quorum
2031 2176 2282 2218 sententiam
2300 2176 2552 2219 Eustathius
2569 2176 2625 2218 ad
2643 2177 2694 2221 11.

323 2251 427 2295 XIV
457 2255 535 2294 271
570 2251 688 2294 litem
718 2251 771 2294 de
802 2251 964 2306 duplici
993 2272 1019 2293 α
1051 2252 1251 2307 negativo
1279 2251 1479 2292 dirimere
1507 2249 1778 2304 periclitatus
1806 2253 2081 2304 praepostere
2125 2248 2271 2292 affert:
2313 2252 2426 2302 τινὲς
2467 2251 2515 2292 δὲ
2546 2252 2617 2294 διὰ
2646 2246 2691 2294 τὸ

325 2322 462 2380 εἶά-την
491 2321 570 2379 τὴν
601 2322 772 2379 βλάβην
803 2323 1010 2379 λέγεσθαι
1039 2321 1171 2368 ἄατον
1201 2324 1283 2378 μέν
1314 2343 1425 2382 φασι
1457 2326 1501 2366 τὸ
1532 2321 1712 2381 α’τηρόν,
1751 2323 1912 2368 ἀάατον
1944 2326 1992 2367 δὲ
2022 2323 2068 2367 τὸ
2109 2326 2395 2379 πολυβλαβὲς.
2455 2325 2505 2368 In
2534 2325 2692 2381 quibus

324 2397 442 2453 quod
461 2395 592 2441 ἄατον
621 2398 667 2441 τὸ
697 2395 856 2455 ἇτηρόν
887 2403 1256 2452 commemoratur,
1285 2414 1513 2455 nusquam,
1548 2399 1662 2455 quod
1680 2400 1824 2453 sciam,
1844 2399 2021 2455 legitur3
2053 2400 2249 2455 quisquis
2277 2400 2353 2444 isso
2382 2415 2486 2443 usus
2515 2405 2592 2454 est,
2622 2416 2691 2445 ve-

322 2488 422 2518 reor
449 2488 503 2532 ne
532 2474 570 2516 is
600 2487 653 2516 ex
684 2473 864 2517 alterius
892 2474 1089 2518 vocabuli
1116 2475 1256 2519 tribus
1286 2475 1420 2531 alpha
1449 2475 1535 2519 duo
1564 2475 1825 2518 contraxerit
1853 2474 1921 2518 vel
1958 2478 2180 2518 contracta
2209 2476 2443 2530 acceperit3
2479 2475 2561 2519 hoc
2589 2490 2690 2520 vero

323 2547 485 2592 ἀάατον
513 2549 870 2604 interpretatione
901 2553 1176 2606 πολυβλαβές
1206 2552 1233 2593 i.
1263 2565 1297 2594 e.
1326 2552 1498 2606 fraudis
1517 2553 1682 2607 plenum
1699 2552 1745 2607 1),
1774 2554 2018 2595 damnosum
2041 2551 2276 2594 rectissime
2305 2566 2356 2594 ex
2377 2548 2485 2609 ιῖάτη
2511 2555 2554 2594 et
2566 2565 2691 2607 prae-
2766 2560 2769 2563 '

321 2624 463 2679 posito
491 2642 516 2667 α
546 2624 760 2668 intensivo
789 2625 1072 2680 compositum
1100 2623 1193 2669 esse
1223 2625 1450 2669 indicatur.

623 2699 719 2740 Hac
741 2702 939 2742 veterum
968 2699 1330 2755 interpretatione,
1369 2713 1479 2759 quae
1510 2700 1602 2743 sola
1640 2700 1795 2744 rationi
1824 2700 2131 2764 grammaticae
2164 2703 2207 2744 et
2243 2701 2434 2757 opinioni
2465 2700 2517 2744 de
2548 2699 2691 2757 Stygis

320 2774 563 2816 iuramento
596 2778 826 2830 conceptae
859 2775 1097 2823 conveniat,
1147 2775 1265 2817 ducti
1294 2778 1424 2817 etiam
1459 2775 1647 2829 reliquos
1687 2774 1803 2817 locos
1839 2774 1957 2831 apud
2005 2774 2241 2820 Homerum
2279 2775 2449 2818 facilius
2485 2774 2691 2831 explana-

539 2988 566 3032 ¹)
596 2989 692 3031 ”Am
718 2996 751 3025 et
775 2992 870 3035 apud
892 2992 1038 3025 Latinos
1052 2991 1167 3035 fraus
1192 2992 1314 3025 eodem
1338 2992 1518 3025 intellectu
1542 3002 1604 3035 pro
1629 2991 1735 3035 eulpa
1758 2992 1924 3026 videlieet
1947 2993 2004 3026 vel
2028 3004 2122 3027 noxa
2144 2998 2178 3026 et
2202 2993 2330 3027 damno
2352 2992 2564 3034 ferebantur,
2588 2993 2689 3026 euius

592 3068 678 3091 usus
702 3058 866 3091 solemnis
889 3058 1089 3102 exemplum
1106 3069 1189 3102 prae
1213 3059 1336 3092 ceteris
1362 3059 1500 3101 insigne
1526 3056 1615 3090 illud
1640 3058 1780 3091 Horatii
1805 3059 1968 3102 suppetit,
1993 3060 2054 3103 qui
2078 3059 2299 3103 Theognidis
2323 3069 2463 3093 versum
2487 3057 2571 3094 204:

1631 3118 1719 3154 οὐδὲ
1747 3120 1925 3166 φίλοισιν

1099 3187 1191 3230 ιῖιην
1219 3189 1386 3227 ἐξοπίσω
1414 3190 1556 3221 παισὶν
1583 3188 1863 3236 ἐπεκρίμασιν.

589 3237 714 3290 Carni.⁴
730 3254 758 3295 1,
785 3254 838 3295 28,
862 3254 908 3289 30
930 3256 1105 3288 imitatur:
1221 3256 1383 3299 Negligis
1406 3256 1588 3289 immeritis
1612 3258 1811 3289 nocituram

1130 3320 1319 3354 Postmodo
1344 3326 1377 3354 te
1401 3321 1493 3354 natis
1517 3320 1713 3354 fraudem
1738 3320 1979 3353 committere?
