3009 3977
1477 303 1507 351 6

298 485 338 515 a.
371 475 481 516 1858
508 471 626 516 edita
652 476 778 533 p.·39
805 472 851 515 in
879 472 1096 529 σιγαλόεις
1123 466 1760 528 epithetovimintensivam'u'c
1787 468 1970 528 praefixi
1997 471 2108 516 bene
2131 447 2405 530 perspectam
2450 474 2548 520 cuin
2575 477 2675 524 aliis
2712 470 2718 479 ‘

299 546 524 604 exemplis,
548 550 641 591 tum
668 549 835 606 Σιδῆλη
869 546 1042 591 Ionicae
1070 546 1192 590 urbis
1219 546 1390 590 nomine
1405 540 1660 599 illustravit,
1690 559 1776 600 quo
1802 550 2111 602 „conspicuam
2139 545 2384 605 ἇριδήλην“
2409 549 2535 595 inam
2560 549 2670 596 nun-

299 623 504 677 cupatam
533 635 627 666 esse
656 621 821 666 statuit.
879 621 975 666 Hoc
1002 621 1166 678 Σιδῆλη
1196 633 1352 664 nomen
1381 613 1576 663 Ionicum
1605 633 1703 663 cum
1738 616 1888 663 nostro
1924 619 1979 664 de
2012 635 2098 676 quo
2135 622 2303 677 agimus
2342 623 2530 677 epitheto
2557 624 2672 670 'com-

296 700 514 753 paratum,
545 711 799 754 quanquam
828 696 961 753 alpha
986 695 1145 739 initiali
1173 710 1251 751 per
1279 693 1535 751 aphaeresin
1563 692 1735 747 omisso,
1762 695 1907 737 tamen
1920 736 1922 739 ,
1937 693 2068 748 sibili,
2099 695 2175 752 qui
2201 695 2248 740 in
2274 695 2433 742 Dorico
2463 697 2673 758 ἀρίδηλος

300 770 430 815 cessit
459 789 484 825 ρ
516 770 697 825 litterae,
726 771 773 815 in
800 771 921 827 epico
951 771 1135 828 ἀΐδηλος
1167 773 1310 814 autem
1338 768 1524 823 evanuit,
1553 768 1746 813 tenacius
1773 768 1868 822 fuit,
1898 783 1988 825 qua
2022 784 2071 814 re
2096 771 2283 826 pristina
2310 767 2492 828 praefixi
2528 775 2670 820 forma

299 844 377 892 ἆσι
406 849 449 890 et
478 845 738 904 archetypon
766 844 977 905 ἇσίδηλος
1005 844 1122 889 clare
1149 844 1420 901 perspicitur.

568 920 763 965 Alteram
793 920 972 979 ἀΐδηλος
1001 919 1201 966 vocabuli
1217 923 1386 976 partem
1414 919 1504 963 iam
1521 923 1684 964 veteres
1713 919 1933 963 commode
1960 919 2017 963 ad
2052 922 2224 977 etymon
2250 927 2520 968 revocarunt.
2550 924 2673 979 Quod

298 996 413 1040 enim
442 995 676 1040 scholiasta
704 995 811 1039 Ven.
842 996 900 1040 ad
926 995 977 1040 Il.
1007 995 1053 1039 Π
1082 999 1164 1040 318
1192 993 1382 1051 explicat
1416 992 1676 1051 Ἀριζηλονε
1705 995 1778 1038 τὸν
1826 995 2031 1052 διάδηλον
2059 995 2135 1039 καί
2164 997 2354 1052 φανερόν
2384 1032 2394 1042 .
2425 1000 2589 1054 γίνεται
2621 998 2671 1044 ἃ

301 1073 350 1116 ἐκ
380 1074 455 1115 τοῦ
484 1069 558 1127 ἆρι
588 1071 842 1115 ἐπιτατικοῦ
869 1072 1029 1129 μοριόυ
1059 1070 1134 1113 καὶ
1162 1073 1238 1113 τοῦ
1269 1071 1410 1126 ζῆλος,
1441 1067 1488 1112 τὸ
1531 1069 1579 1112 δὲ
1610 1070 1735 1127 ζῆλος
1776 1069 1825 1112 ἐκ
1864 1073 1941 1112 τοῦ
1972 1072 2116 1126 δῆλος,
2155 1071 2200 1114 τὸ
2244 1072 2293 1114 δὲ
2331 1073 2466 1128 δῆλος
2504 1074 2557 1117 ’ἐκ
2590 1077 2669 1118 τοῦ

300 1145 445 1196 δαλός,
476 1144 498 1187 ὃ
522 1144 728 1201 σημαίνει
756 1143 829 1187 τὸν
858 1143 1253 1197 πεπυρακτωμένον
1284 1143 1482 1199 σίδηρον,
1538 1143 1618 1187 hoc
1646 1143 1812 1199 potiore
1840 1144 1972 1187 etiam
1997 1143 2092 1187 iure
2130 1158 2227 1188 cum
2258 1144 2311 1189 de
2339 1145 2582 1191 Zenodotea
2607 1149 2668 1193 le-

300 1220 438 1264 ctione
455 1218 680 1277 ἀρίὸηλον,
710 1222 802 1262 tum
824 1217 878 1261 de
906 1218 1094 1274 genuina
1122 1217 1300 1275 ἀΐδηλον
1322 1218 1436 1262 valet
1452 1217 1589 1261 eidem
1614 1217 1765 1261 Iliadis
1784 1218 1879 1262 loco
1899 1233 2030 1274 supra
2048 1219 2280 1273 vindicata,
2312 1221 2663 1277 quandoquidem

294 1293 502 1351 ἀρίζηλος
532 1293 673 1337 forma
701 1292 757 1336 ab
785 1293 894 1347 ipsis
926 1291 1144 1336 veteribus
1172 1291 1405 1347 reprobata
1433 1296 1511 1345 est,
1539 1297 1587 1336 ut
1616 1306 1642 1335 a
1672 1293 1905 1337 scholiasta
1934 1293 2013 1337 Od.
2044 1295 2129 1337 XII
2155 1298 2238 1338 453
2272 1293 2495 1352 ἀριζήλως
2520 1297 2537 1353 ]
2569 1295 2669 1353 0391-
2757 1338 2762 1344 ,

300 1369 476 1426 δήλως·
502 1366 551 1411 οὗ
580 1367 660 1425 γὰρ
691 1368 914 1411 ἐκτέταται
954 1366 975 1410 ὁ
1012 1369 1154 1423 ζῆλος.
1211 1367 1355 1418 Δαλός
1391 1371 1535 1410 autem
1568 1368 1732 1424 (torris)
1770 1382 1860 1411 una
1899 1383 1997 1412 cum
2035 1368 2186 1422 δαελός
2221 1370 2385 1414 Dorica
2429 1371 2663 1426 Sophronis

297 1446 340 1486 et
372 1443 529 1494 δἀυλός
558 1443 705 1486 Ionica
736 1441 877 1485 forma
906 1441 978 1499 (cf.
1008 1441 1145 1485 Schol.
1178 1440 1285 1484 Vict.
1317 1441 1374 1484 ad
1404 1442 1455 1484 ΙΙ.
1484 1442 1563 1485 XV
1579 1443 1679 1497 421)
1696 1441 1753 1485 ab
1774 1442 2026 1499 Etymologo
2054 1458 2096 1499 p.
2129 1447 2227 1497 246,
2261 1448 2313 1488 35
2344 1447 2516 1490 a'daa'm
2549 1448 2665 1503 (uro)

297 1517 480 1572 ducitur,
512 1518 633 1562 cuius
660 1517 939 1574 participium
967 1516 1075 1573 perf.
1106 1530 1222 1572 pass.
1253 1517 1519 1582 dedaypcs'vog
1549 1531 1645 1560 cum
1685 1517 1802 1573 apud
1829 1517 2012 1562 eundem
2055 1533 2097 1574 p.
2138 1522 2234 1570 250,
2282 1523 2334 1563 18
2386 1535 2410 1564 e
2449 1521 2667 1566 Simonide

295 1597 516 1638 servatum
562 1594 631 1647 sit,
678 1607 826 1638 veram
875 1592 996 1637 verbi
1045 1592 1238 1637 radicem
1292 1593 1420 1639 AAT
1467 1592 1738 1637 manifestam
1777 1591 1933 1637 reddit.
1992 1593 2143 1650 Neque
2185 1592 2324 1638 solum
2369 1597 2528 1651 δαυλός
2569 1595 2666 1643 eam

294 1670 505 1724 sequitur,
553 1668 629 1713 sed
677 1669 808 1712 etiam
852 1668 1126 1712 Doriensium
1178 1669 1342 1720 δαελός,
1383 1668 1498 1722 quod
1539 1668 1729 1711 Lacones
1762 1667 1912 1722 paullo
1945 1669 2188 1712 accuratius
2222 1670 2404 1724 δαβελός
2435 1671 2551 1727 (vide
2579 1672 2666 1717 He-

295 1742 509 1800 sychium)
537 1743 564 1786 i.
592 1757 628 1786 e.
662 1743 844 1795 δαΓελός
875 1741 1228 1798 pronuntiabant.
1287 1741 1381 1785 Iam
1426 1757 1521 1785 cum
1568 1745 1698 1798 δῆλος
1738 1741 1996 1786 adiectivum
2038 1741 2160 1799 (olim
2203 1745 2353 1796 δάελος
2396 1745 2581 1801 Hesych.
2622 1745 2666 1790 et

298 1819 446 1871 δέελος
475 1817 526 1861 11.
557 1817 596 1861 X
634 1818 756 1872 466),
788 1816 903 1873 quod
933 1819 1220 1873 conspicuum,
1276 1818 1436 1860 clarum
1481 1815 1693 1872 designat,
1735 1830 1762 1859 a
1791 1818 1919 1869 δαλός
1957 1821 2190 1873 repetatur,
2228 1819 2314 1862 nisi
2349 1820 2492 1863 verius
2530 1820 2663 1865 unum

294 1892 554 1936 vocabulum
600 1896 695 1936 erat
740 1893 863 1936 vario
911 1895 1113 1955 accentu·
1135 1906 1251 1935 nunc
1296 1890 1554 1934 substantivi
1602 1905 1715 1934 nunc
1762 1891 1964 1935 adiectivi
1991 1906 2168 1936 munere
2200 1893 2396 1949 fungens,
2425 1894 2482 1937 ab
2511 1894 2663 1940 eadem

294 1971 409 2011 certe
447 1967 595 2010 radice
635 1967 813 2022 eiusque
851 1967 993 2021 prima
1032 1966 1204 2009 notione
1240 1965 1479 2020 profectum
1519 1969 1585 2008 est
1614 1970 1656 2008 et
1690 1966 1746 2008 ab
1781 1980 1845 2019 eo,
1895 1966 2011 2021 quod
2039 1967 2084 2009 in
2114 1967 2329 2023 principio
2359 1971 2550 2012 ardentis
2587 1982 2663 2013 no·

295 2043 456 2085 tionem
492 2040 698 2093 habebat,
735 2040 890 2084 latiore
927 2040 1148 2083 intellectu
1186 2040 1316 2082 etiam
1357 2043 1513 2091 lucens,
1556 2043 1717 2083 clarum
1746 2039 1907 2083 dictum
1944 2044 2010 2084 est
2035 2055 2115 2096 pro
2143 2046 2242 2084 arta
2272 2055 2384 2097 quae
2411 2043 2523 2085 inter
2551 2042 2662 2086 duas

290 2115 401 2159 istas
430 2116 622 2159 notiones
649 2114 877 2158 intercedit
905 2115 1082 2158 ratione.
1144 2114 1264 2157 Idem
1294 2114 1411 2157 valet
1437 2114 1489 2156 de
1518 2115 1699 2171 α’ΐδηλος
1724 2115 1934 2158 vocabulo
1963 2129 1990 2158 a
2021 2118 2150 2173 δῆλος
2179 2117 2428 2172 composito,
2458 2117 2519 2161 Ut
2545 2117 2660 2160 enim

295 2204 532 2247 pergamus
558 2191 778 2246 inquirere
809 2193 1022 2246 quatenus
1051 2189 1283 2245 explicatio
1312 2192 1459 2233 nostra
1490 2202 1587 2231 cum
1624 2190 1804 2244 singulis
1843 2189 1949 2233 locis
1988 2190 2229 2234 Homericis
2260 2191 2482 2234 conciliari
2508 2191 2660 2246 possit,

292 2265 367 2308 vix
396 2263 515 2308 dictu
544 2277 653 2319 opus
680 2266 758 2315 est,
799 2262 1021 2318 conspicui
1049 2263 1280 2316 notionem,
1312 2263 1506 2317 quamvis
1538 2267 1653 2307 certo
1683 2278 1735 2307 ex
1760 2278 1846 2308 uno
1875 2264 1970 2308 loco
1984 2269 2165 2318 erutam,
2189 2269 2334 2309 tamen
2363 2280 2449 2309 non
2467 2280 2562 2310 esse
2579 2281 2660 2323 pro

288 2339 502 2395 primaria
529 2337 790 2389 habendam,
829 2351 881 2380 ex
911 2351 999 2393 qua
1027 2336 1288 2380 vocabulum
1316 2337 1457 2392 ipsum
1486 2342 1629 2381 ortum
1660 2339 1726 2381 sit.
1781 2339 1919 2382 Immo
1963 2353 2063 2382 vero
2102 2339 2280 2397 ἀΐδηλος
2320 2341 2516 2395 quotiens
2548 2341 2661 2397 ignis

290 2413 509 2470 epitheton
537 2416 616 2466 est,
644 2412 853 2469 primario
881 2411 1062 2455 ardendi
1090 2426 1219 2456 sensu
1247 2412 1430 2467 intelligi
1458 2412 1571 2466 licet,
1602 2413 1858 2468 praesertim
1888 2428 1984 2457 cum
2017 2423 2102 2458 non
2119 2417 2209 2457 tam
2238 2414 2396 2469 lucida,
2427 2428 2558 2471 quam
2585 2429 2660 2459 va-

291 2492 411 2531 stans
445 2487 662 2543 quaedam
678 2487 745 2530 vis
772 2487 884 2543 ignis
912 2487 988 2530 illo
1015 2487 1204 2542 epitheto
1232 2486 1350 2541 apud
1379 2488 1614 2531 Homerum
1644 2488 1939 2531 describatur:

833 2562 883 2605 Π.
914 2563 958 2605 II
986 2565 1072 2605 455
1101 2560 1204 2618 ἦῦτε
1234 2565 1320 2619 πῦρ
1352 2562 1532 2622 ἀΐδηλον
1563 2563 1785 2621 ἐπιφλέγει
1810 2562 1995 2607 ἄσπετον
2024 2563 2134 2622 ὕλην

899 2638 961 2681 IX
988 2642 1072 2682 435
1102 2638 1204 2681 οὐδέ
1233 2657 1273 2682 τι
1305 2639 1487 2693 πάμπαν
1517 2637 1695 2694 ἀμύνειν
1724 2639 1856 2697 νηυσὶ
1884 2642 2041 2698 θοῇσιν

1109 2717 1194 2769 πῦρ
1226 2714 1396 2765 ἐθέλεις
1427 2714 1619 2770 ἀΐδηλον.

905 2786 968 2830 XI
1007 2790 1084 2831 155
1110 2787 1169 2839 ὥς
1202 2788 1322 2831 δ’ὅτε
1352 2792 1436 2843 πῦρ
1464 2784 1645 2844 ’ἀΐδηλον
1674 2789 1720 2830 ἐν
1751 2784 1890 2844 ἀξύλῳ
1921 2788 2091 2845 ἐμπέσῃ
2120 2788 2216 2845 ὕλῃ.

557 2860 718 2915 Quodsi
746 2875 832 2905 non
861 2860 1046 2913 lucidus,
1079 2861 1154 2904 sed
1183 2861 1437 2917 flagrans
1476 2862 1620 2917 potius
1648 2862 1760 2917 ignis
1789 2861 1945 2905 silvam
1974 2861 2201 2904 incendere
2230 2865 2273 2904 et
2302 2874 2330 2903 a
2357 2861 2541 2904 navibus
2568 2876 2655 2905 non

285 2935 458 2979 defendi
497 2940 645 2992 aperte
682 2939 900 2997 narratur,
944 2934 1024 2978 illa
1060 2938 1185 2980 valde
1224 2938 1416 2980 ardentis
1452 2935 1709 2992 significatio
1746 2935 1984 2980 certissime
2015 2934 2068 2978 ad
2102 2949 2230 2978 usum
2267 2935 2529 2979 translatum
2555 2949 2655 2991 per·
2682 2943 2685 2952 “

282 3011 403 3061 tinet,
436 3024 523 3064 quo
553 3024 631 3064 per
659 3011 956 3065 metaphoram
978 3010 1179 3053 omnibus
1198 3010 1397 3066 gentibus
1424 3025 1690 3053 communem
1723 3023 1959 3068 synonyma
1982 3009 2197 3053 vocabula
2224 3013 2275 3053 ut
2301 3009 2447 3052 Attica
2474 3009 2651 3068 θερμός,

283 3086 440 3137 αἴθων,
478 3086 636 3128 Latina
664 3090 829 3130 calidus
858 3089 1016 3131 ardens
1039 3088 1241 3144 flayrans,
1269 3088 1526 3131 Germanica
1542 3087 1658 3143 bisin,
1686 3087 1808 3144 {curig
1823 3086 1881 3129 ad
1896 3085 2110 3129 hominem
2138 3085 2348 3130 audacem
2375 3085 2652 3130 temerarium

282 3161 515 3209 violentum
544 3161 730 3205 ferocem
755 3167 1004 3217 protervum
1031 3163 1347 3218 designandum
1377 3163 1648 3206 abhibentur.

555 3235 782 3279 Translate
808 3237 1014 3280 nimirum
1042 3238 1164 3281 Mars
1187 3237 1267 3281 od.
1284 3238 1393 3280 XIII
1413 3241 1507 3281 309.
1528 3237 1579 3280 11.
1600 3237 1639 3279 V
1664 3241 1745 3280 897
1764 3237 1905 3294 Ἄρης
1917 3235 2098 3294 ἀΐδηλος
2114 3236 2362 3292 appellatur
2375 3235 2431 3278 ob
2444 3248 2650 3292 magnum

283 3311 501 3366 quendam
529 3310 664 3354 animi
691 3310 892 3354 ardorem
921 3317 1053 3367 atque
1086 3313 1306 3367 impetum.
1365 3313 1458 3355 Hoc
1487 3312 1600 3354 enim
1628 3313 1783 3355 Martis
1820 3313 2039 3368 ingenium
2072 3313 2302 3368 perspicue
2331 3311 2571 3356 ostenditur
2597 3324 2652 3354 ea

279 3385 487 3438 oratione,
510 3399 599 3440 qua
613 3385 723 3429 Iuno
746 3385 798 3429 Il.
819 3385 859 3428 V
887 3390 1112 3430 757—764
1131 3387 1248 3442 apud
1279 3387 1425 3430 Iovem
1445 3387 1563 3430 illius
1588 3388 1666 3443 ἔργ
1682 3387 1855 3443 ’ἀΐδηλα
1880 3388 2003 3441 facta
2028 3388 2213 3441 fervida,
2243 3389 2433 3430 audacia
2460 3388 2649 3429 accusat.
