3009 3977
1502 228 1568 278 12

342 395 476 450 Atque
505 406 679 450 caprum
706 394 904 437 tenuibus
933 394 1126 437 crinibus
1150 394 1391 450 ρναεάιζιαηι
1417 394 1568 450 pernas
1590 395 1768 448 Boreas,
1783 409 1932 453 ymnos
1945 409 2062 450 cero,
2078 382 2195 453 'quia
2208 398 2563 442 mulin-nieorum
2581 401 2725 442 crium

344 475 457 520 sunt,
486 470 654 511 minime
678 467 843 522 perflat.
901 466 969 510 Ex
1005 465 1164 521 quibus
1203 470 1390 521 apparet
1402 456 1575 523 ‘capras
1615 468 1799 525 intelligi
1832 469 2005 525 agmine
2036 469 2175 514 'denso
2213 473 2496 526 cangi-egam
2530 470 2724 516 crinibus

342 542 456 586 inter
481 541 603 596 ipsas
631 539 947 585 continentibus
975 539 1044 585 vel
1072 539 1412 585 adhaerentibus
1439 554 1469 585 a
1496 541 1663 586 Boreae
1696 543 1934 598 spiramine
1967 542 2153 588 defendi.
2211 543 2339 587 Hane
2364 544 2481 588 vocis
2510 543 2726 601 significa-

342 616 503 659 tionem
531 615 663 659 etiam
693 615 837 670 vigere
866 614 1061 658 videmus
1087 613 1209 670 apud
1236 613 1523 669 Theocritum,
1552 616 1629 671 qui
1656 614 1714 658 id.
1743 614 1865 659 XXV
1893 611 2028 660 versu*
2045 617 2123 670 ,mx

891 690 1009 746 κείνῃ
1038 689 1116 732 ὅθι
1145 688 1428 732 πλατάνιστοι
1457 690 1696 746 ἐπηεταναὶ
1722 690 1940 748 πεφύασιν

345 780 399 808 ne
428 764 694 807 levissimam
724 762 901 818 quidem
930 762 1247 807 dubitationem
1265 762 1394 806 nobis
1416 763 1637 820 relinquit,
1666 764 1771 820 quin
1789 763 1958 819 platani
1974 764 2238 808 continentes
2266 765 2357 808 sive
2386 764 2586 809 continua
2613 765 2724 810 serie
2779 776 2785 781 ’

345 838 582 894 dispositae
612 837 921 893 intelligendae
951 837 1049 881 sint.

619 913 714 965 Qua
743 911 1056 969 significatione
1084 911 1380 956 demonstrata
1408 928 1504 957 cum
1533 912 1616 957 hoc
1642 912 1842 956 effectum
1877 911 2089 965 videatur,
2116 916 2165 955 ut
2201 913 2434 970 ἐπηετανός
2460 927 2608 958 vocem
2635 913 2725 969 epi-

347 1002 444 1033 cam
474 987 726 1043 synonymis
757 985 1016 1041 aequalibus
1044 986 1338 1043 ἐπασσύτερος
1367 991 1410 1030 et
1437 987 1678 1044 ἕπὴτριμος
1709 985 2042 1032 adscribendam
2069 999 2166 1031 esse
2192 990 2419 1043 appareat,
2447 987 2639 1031 redimus
2667 987 2725 1031 ad

345 1063 510 1107 formae
537 1061 884 1116 explicat‘wnem,
933 1074 1066 1115 quam
1107 1060 1297 1105 nondum
1325 1060 1526 1105 omnibus
1551 1062 1753 1118 partibus
1784 1060 2029 1105 absolutam
2056 1074 2151 1104 esse
2179 1073 2314 1117 supra
2341 1061 2541 1104 diximus.
2601 1061 2726 1115 Quod

346 1136 461 1180 enim
485 1135 727 1181 Lobeckius
754 1134 1017 1190 principium
1052 1134 1257 1187 ἕπιτανός
1296 1136 1341 1178 111
1379 1136 1594 1193 ἐπητανός
1629 1135 1866 1191 additoque
1901 1135 2038 1191 epsilo
2073 1135 2306 1192 ἐπηετανός
2341 1134 2601 1192 productum
2627 1149 2723 1181 esse

346 1210 511 1263 statuit,
548 1209 655 1253 mihi
691 1209 866 1265 quidem
901 1223 955 1253 ea
997 1210 1114 1255 ratio
1157 1209 1412 1255 invertenda
1448 1224 1542 1253 esse
1584 1210 1765 1254 videtur.
1825 1209 2146 1253 Exordiendum
2179 1212 2246 1252 est
2282 1209 2338 1252 ab
2376 1209 2546 1265 integra
2581 1208 2727 1253 forma

345 1284 580 1342 ἔπηετανός
609 1298 633 1327 e
661 1283 805 1327 tribus
832 1283 1035 1338 partibus
1072 1285 1310 1339 composita
1349 1284 1678 1342 (ἐπ-ηε-τανός),
1716 1298 1920 1339 quarum·
1940 1297 2052 1339 quae
2086 1283 2231 1328 media
2267 1287 2334 1327 est
2369 1299 2418 1340 ηε
2445 1283 2615 1327 initium
2644 1297 2722 1328 no-

344 1359 473 1402 minis
507 1357 703 1402 Ἠετίων
731 1361 851 1401 tenet
881 1361 926 1401 et
953 1358 1039 1401 vim
1078 1357 1210 1401 habet
1244 1358 1515 1401 intensivam.
1575 1358 1688 1402 Nam
1732 1355 1917 1402 Ἠετίων
1952 1359 2128 1413 proprie
2161 1358 2277 1401 idem
2318 1357 2436 1400 valet
2471 1357 2586 1412 quod
2624 1360 2722 1401 Πο-

344 1435 518 1484 λυτίων,
551 1433 661 1476 sicut
688 1432 798 1476 illud
828 1431 1108 1487 explanatum
1137 1432 1377 1476 invenimus
1404 1433 1450 1476 in
1479 1432 1656 1477 oraculo
1683 1430 1740 1475 ab
1769 1431 1987 1476 Herodoto
2015 1435 2253 1476 memorato
2282 1431 2322 1475 V
2351 1434 2419 1485 92,
2449 1434 2493 1474 2:

896 1506 1102 1558 Ἠε-ιίων,
1135 1506 1254 1560 οὔτις
1286 1524 1334 1551 σε
1362 1511 1441 1551 τίει
1476 1508 1699 1552 πολύτιτον
1731 1507 1870 1558 ἐόντα,

345 1581 422 1626 11111
451 1581 585 1625 verba
615 1581 842 1625 πολύτιτον
873 1581 1000 1625 ἐόντα
1030 1585 1136 1637 „qui
1150 1584 1274 1625 valde
1291 1583 1556 1626 honorabilis
1576 1586 1656 1625 σε’(
1671 1596 1750 1637 pro
1779 1581 2064 1637 explicatione
2090 1580 2275 1624 nominis
2308 1579 2502 1624 Ἠετίων
2519 1579 2723 1625 habenda

345 1660 460 1700 sunt.
518 1656 654 1699 Porro
685 1651 736 1711 ἦε
763 1654 1007 1710 praefixum
1034 1655 1145 1698 illud
1173 1655 1431 1699 intensivum
1460 1655 1607 1699 Ionica
1636 1655 1862 1701 dumtaxat
1887 1654 2236 1711 pronuntiatione
2264 1653 2383 1697 varie
2411 1652 2613 1697 affectum
2640 1667 2722 1709 pro

345 1729 394 1773 ἇε
422 1731 467 1772 in
503 1730 695 1774 Ἀετίων
724 1729 964 1772 communis
994 1729 1204 1773 sermonis
1232 1729 1385 1781 forma,
1415 1730 1460 1771 in
1490 1729 1724 1786 ἐπηετανός
1753 1730 1839 1772 iam
1859 1728 1976 1784 apud
1991 1727 2267 1782 Hesiodsop.
2294 1730 2390 1771 607.
2418 1726 2563 1782 hymn.
2594 1727 2721 1771 Hom.

344 1804 390 1847 in
420 1804 550 1847 Merc.
581 1806 662 1856 113
692 1803 877 1859 synizesi
907 1802 1154 1856 conflatum,
1183 1806 1400 1858 postremo
1438 1803 1483 1846 iu
1521 1803 1735 1859 ἕπητανός
1772 1805 2040 1846 contractum
2077 1811 2154 1845 est.
2214 1800 2378 1844 Eodem
2405 1800 2532 1844 modo
2561 1800 2724 1857 ὑπερή-

344 1893 550 1932 φανος-
569 1877 726 1920 Dorice
758 1876 1040 1934 ὖπεράφανος
1067 1876 1189 1920 Pind.
1219 1876 1266 1920 P.
1296 1876 1341 1921 II
1370 1879 1437 1929 28,
1464 1890 1567 1920 raro
1586 1877 1868 1934 ὑπερηφανής
1897 1876 2004 1920 Xen.
2028 1889 2141 1931 mag.
2160 1889 2227 1930 eq.
2260 1879 2298 1927 5,
2330 1878 2423 1918 7²—
2436 1874 2724 1919 contractione

342 1965 395 1994 ex
424 1952 731 2009 ὖπεραέφανος
759 1951 951 1994 evasisse
980 1950 1111 1994 facile
1139 1951 1288 1993 estad
1320 1950 1611 2006 colligendum
1639 1965 1692 1994 ex
1722 1950 1928 2006 Hesychii
1955 1950 2102 2005 glossa
2131 1948 2356 2008 ἆεφανέων
2386 1952 2610 2005 λαμπρῶν.

649 2025 743 2068 Iam
773 2025 810 2068 si
839 2025 1089 2070 accuratius
1116 2025 1457 2080 investigaveriS,
1486 2024 1600 2070 unde
1619 2025 1864 2081 praefixum
1891 2025 2002 2069 illud
2019 2021 2284 2069 ‹Ze-Ionios
2315 2022 2478 2081 ἢε-111
2506 2021 2725 2068 nonnullis

343 2099 523 2143 vocibus
552 2100 687 2155 epicis
715 2083 885 2149 obviff*
874 2099 1012 2155 repeti
1040 2099 1192 2155 possit,
1223 2099 1280 2142 ab
1310 2097 1361 2143 α’ϊ
1384 2099 1578 2156 praefixo
1619 2113 1752 2156 supra
1785 2113 1827 2156 p.
1867 2104 1891 2143 5
1926 2099 2218 2144 demonstrato
2254 2097 2386 2156 (unde
2421 2095 2618 2156 ἀΐδηλος)
2657 2097 2726 2142 vel

344 2174 418 2218 ἆσι
448 2174 636 2229 pristina
667 2174 758 2216 eius
788 2173 930 2217 forma
958 2173 1090 2229 (unde
1117 2172 1278 2231 ἀσίχηρ
1310 2178 1351 2217 et
1373 2173 1544 2231 ἤσιχεο,
1576 2189 1614 2217 v.
1634 2174 1759 2231 ibid.)
1788 2174 1873 2218 nisi
1906 2192 1921 2218 ι
1950 2174 2091 2218 vocali
2119 2175 2163 2218 in
2193 2191 2213 2217 ε
2239 2176 2407 2217 mutata
2435 2186 2521 2216 non
2550 2170 2725 2216 differre

345 2249 475 2293 facile
504 2249 586 2292 tibi
614 2249 911 2304 persuadebis.
942 2250 1027 2293 Pro
1055 2250 1152 2305 ipso
1180 2254 1328 2293 nostro
1359 2250 1594 2307 ἐπηετανός
1623 2249 1865 2305 Hesychius
1888 2251 1920 2305 ¹)
1948 2253 1990 2292 et
2017 2249 2287 2292 Phavorinus
2308 2248 2491 2292 formam
2520 2247 2725 2305 ἐπηστάν,

335 2325 414 2366 ἐπὶ
443 2323 552 2367 πολι)
586 2323 907 2378 ἀνατεταμένον
937 2327 1170 2367 servarunt
1199 2323 1369 2367 duabus
1399 2323 1577 2380 quidem
1605 2323 1787 2380 syllabis
1814 2324 2043 2377 concisam,
2073 2323 2148 2367 sed
2168 2337 2222 2367 ex
2243 2322 2397 2367 iisdem
2424 2322 2622 2378 partibus
2645 2322 2725 2365 e'n-
2776 2359 2789 2371 ,

344 2399 498 2456 ης-τάν
528 2398 826 2453 compositam,
857 2411 1042 2453 quarum
1070 2397 1214 2442 media
1239 2417 1294 2456 ης
1323 2398 1540 2453 particula
1570 2398 1626 2442 ad
1656 2416 1683 2442 σ
1710 2398 1913 2451 litteram,
1940 2398 1985 2441 in
2013 2411 2146 2453 quam
2173 2397 2343 2450 desinit,
2373 2396 2467 2440 voci
2483 2397 2630 2451 epicae
2646 2408 2724 2438 suo

346 2473 443 2517 loco
471 2472 784 2516 restituendam
813 2472 1029 2527 simulque
1058 2472 1116 2515 ad
1143 2473 1311 2517 hiatum
1342 2473 1602 2529 explendum
1621 2473 1848 2528 aptissima
1866 2476 1944 2526 est,
1973 2476 2023 2516 ut
2037 2472 2164 2515 huius
2180 2470 2380 2516 vocabuli
2397 2470 2625 2526 apocopati
2642 2483 2723 2524 ope

346 2547 531 2603 speciem
550 2546 673 2590 verbi
687 2547 830 2603 magis
850 2546 1115 2603 primitivam
1134 2551 1463 2603 repraesentare
1481 2547 1698 2604 possimus
1720 2548 1995 2606 ἐπησετανός.
2025 2546 2165 2591 Huius
2190 2546 2320 2591 eti‘am
2338 2545 2528 2602 priscam
2539 2543 2724 2590 formam

349 2623 561 2679 indagare
589 2622 692 2666 licet
721 2623 1002 2675 ἐπασετανός,
1034 2635 1165 2678 quam
1194 2623 1249 2667 ob
1279 2624 1436 2668 nimias
1465 2623 1618 2667 breves
1648 2622 1841 2679 syllabas
1859 2622 1916 2666 ad
1936 2622 2152 2678 epicorum
2172 2636 2299 2667 usum
2327 2619 2509 2677 produci
2529 2619 2723 2677 ἐπη(σ)ε-

344 2698 473 2751 τανός
502 2711 676 2742 necesse
706 2697 836 2742 fuerit
874 2701 925 2741 ut
953 2696 1160 2755 ν’ΰκομος,
1192 2696 1422 2755 ἠϋγένειος.
1475 2698 1570 2742 Iam
1598 2697 1742 2743 media
1766 2697 1845 2743 illa
1871 2698 2042 2755 priscae
2058 2698 2224 2743 formae
2240 2694 2498 2754 particula'
2472 2713 2563 2746 ασε,
2591 2708 2725 2750 quam

345 2774 594 2817 coniectura
623 2771 910 2827 assequimur,
939 2784 1030 2816 una
1049 2784 1147 2814 cum
1174 2771 1379 2826 praefixis
1407 2772 1675 2817 intensivis'
1650 2791 1725 2817 ασι
1751 2774 1796 2817 111
1820 2772 1997 2831 ἆσιζχηρ,
2027 2772 2079 2817 ἇτ
2104 2774 2150 2817 111
2180 2774 2377 2829 α’τρέμας
2400 2769 2673 2828 (tranquille)
2686 2771 2722 2826 2)

345 2851 390 2892 et
416 2846 573 2892 Latino
602 2850 654 2891 at
682 2846 727 2891 in
759 2850 955 2890 atavus
983 2845 1181 2891 eiusdum
1210 2846 1386 2902 originis
1415 2851 1481 2891 est
1509 2850 1641 2902 atque
1669 2847 1891 2891 Sanscrita
1917 2847 2183 2903 praepositio
2217 2847 2306 2899 ati,
2341 2859 2455 2901 quae
2481 2857 2579 2888 cum
2606 2842 2724 2888 radi-

564 3044 590 3088 ¹)
616 3046 684 3079 Pro
708 3056 749 3080 eo
763 3045 856 3090 quod
876 3044 1007 3088 legitur
1043 3042 1209 3078 67:10de
1235 3044 1458 3080 scribendum
1472 3056 1547 3081 esse
1573 3046 1744 3087 έπηστάν
1770 3050 1803 3079 et
1827 3047 1932 3080 series
1955 3045 2161 3087 litterarum,
2186 3056 2267 3080 cum
2289 3045 2470 3079 antecedat
2496 3042 2721 3086 ἐπήσκηται,

617 3115 651 3145 et
674 3110 898 3145 Phavorinus
922 3110 1034 3145 docet.

568 3172 597 3217 ²)
623 3174 721 3207 Idem
744 3174 961 3209 vocabulum
985 3179 1038 3209 cst
1062 3173 1158 3220 quod
1184 3172 1330 3221 ἠρέμας
1354 3175 1507 3222 praefixo
1532 3175 1702 3222 producto
1727 3179 1761 3210 et
1790 3185 1809 3209 τ
1834 3173 1921 3209 eliso
1952 3172 2115 3220 paullum
2146 3174 2300 3217 varians,
2332 3175 2434 3209 cuius
2465 3173 2620 3210 radicem
2646 3167 2722 3219 ῥεμ

616 3241 660 3272 G.
686 3240 829 3273 Curtius
853 3243 889 3273 in
915 3242 1136 3274 lineamentis
1160 3242 1395 3286 etymologiae
1420 3244 1573 3276 Graecae
1597 3254 1630 3286 p.
1655 3243 1723 3278 289
1746 3253 1828 3276 cum
1852 3243 1969 3275 radice
1999 3241 2178 3275 Sanscrita
2200 3245 2235 3274 et
2257 3241 2447 3275 Lituanica
2478 3251 2568 3274 ram
2599 3236 2721 3272 simul-

618 3313 686 3347 que
711 3304 893 3347 utriusque
919 3305 1176 3348 propaginibus
1200 3305 1289 3339 bene
1313 3307 1542 3349 comparavit.
