3009 3977
1543 220 1608 269 16

386 385 552 432 bellum
580 390 705 442 grato
734 386 878 431 animo
907 386 1053 442 legens
1082 390 1214 443 atque
1241 387 1436 444 relegens
1467 392 1686 433 auctorem
1715 388 1761 431 in
1791 386 2068 445 congerendis
2101 386 2310 444 exemplis
2344 401 2424 443 per
2458 386 2618 433 multos
2649 388 2758 432 sci-i·
2803 392 2806 394 ’

384 465 533 519 ptores
558 465 604 506 et
630 461 937 517 grammaticos
959 461 1169 517 dispersis
1197 466 1323 506 tanta
1351 476 1457 505 eura.
1485 477 1537 506 ac
1566 462 1792 520 diligentia
1820 466 2040 507 versatum
2068 450 2162 506 esse
2189 461 2396 515 intellexi,
2424 466 2591 518 quanta
2615 470 2768 519 neque'

385 539 488 579 ante
517 550 657 592 neque
686 539 784 591 post
811 549 911 578 eum
939 536 1165 579 neminem.
1228 537 1386 580 Verum
1416 537 1618 592 quamvis
1655 537 1794 581 multa
1831 536 2043 580 vocabula
2083 535 2279 581 difficilia
2313 549 2338 580 e
2374 535 2566 581 tenebris
2593 537 2651 581 ab
2677 536 2755 582 illo

386 614 513 653 eruta
542 624 635 654 esse
664 609 949 666 cognoverim,
979 613 1124 653 tamen
1141 611 1366 664 rationem,
1397 625 1486 667 qua
1507 612 1573 655 vir
1599 611 1872 655 doctissimus
1885 626 1928 667 p.
1948 615 2016 665 24,
2046 612 2158 656 sicut
2177 614 2392 655 nostrates
2420 612 2582 666 Untbier
2600 626 2755 665 „sensu

393 686 704 741 exaggerativo
733 684 800 729 vel
829 686 1068 729 intensivo“
1100 685 1243 729 dicere
1273 686 1452 739 soleant,
1481 687 1544 730 ita
1572 687 1760 731 Graecos
1788 699 1962 742 quoque
1990 704 2017 729 α
2046 686 2308 743 privativum
2337 686 2383 729 in
2412 684 2556 730 verbis
2584 699 2755 743 compo-

388 759 485 803 sitis
515 774 643 804 sensu
668 759 879 804 intensivo
906 774 1141 815 usurpasse
1171 760 1424 813 arbitratur,
1454 775 1601 805 veram
1630 776 1724 805 esse
1752 761 1858 805 mihi
1886 762 2146 816 persuadere
2173 774 2259 804 non
2282 760 2612 817 potiii.·1dngua
2640 760 2755 804 enim

385 834 629 888 vernacula,
648 834 753 890 quia
771 834 980 878 eiusmodi
998 834 1220 878 adiectivis
1231 834 1418 890 quidem,
1441 850 1552 892 quae
1572 837 1751 881 Graecis
1768 824 1826 880 ab
1842 836 2092 880 aintensivo
2107 836 2355 892 compositis
2371 835 2556 880 conferri
2573 836 2754 891 possint,

384 909 558 954 omnino
587 913 718 960 caret,
750 924 847 953 cum
876 924 955 964 per
985 924 1030 953 se
1059 924 1214 965 parum
1245 910 1473 966 analogiae
1503 911 1695 967 praebet,
1734 917 1826 955 tum
1852 911 1989 966 ipsius
2015 910 2189 966 linguae
2218 911 2411 954 Graecae
2440 909 2612 953 diversa
2641 923 2754 953 com-

386 984 613 1038 positionis
642 985 754 1028 ratio
784 984 930 1029 obstat
959 984 1188 1039 quominus
1217 1003 1244 1026 α
1273 985 1536 1038 privativum
1572 990 1615 1029 et
1644 1004 1671 1029 α
1711 986 1969 1030 intensivum
1999 983 2338 1038 confundantur3
2375 983 2486 1028 illud
2514 983 2627 1028 enim
2655 986 2755 1028 ante

386 1058 559 1102 vocales
587 1057 780 1114 pleniore
809 1057 862 1102 ἄν
892 1058 1032 1102 forma
1060 1072 1242 1114 semper,
1272 1058 1354 1103 hoc
1375 1073 1598 1116 nunquam
1614 1059 1832 1113 scribitur,
1862 1073 1950 1115 qua
1978 1059 2072 1102 sola
2101 1072 2148 1102 re
2169 1058 2254 1102 ista
2276 1057 2330 1101 de
2358 1056 2571 1102 communi
2597 1057 2757 1101 utrius-

387 1147 474 1189 que
502 1132 685 1189 praefixi
713 1136 810 1177 ortu
839 1133 985 1189 opinio
1025 1133 1312 1188 redarguitur.
1371 1135 1637 1178 Peculiarem
1675 1148 1775 1178 vero
1815 1154 1841 1178 α
1881 1134 2082 1178 intensivi
2120 1133 2444 1189 originationem
2480 1132 2627 1176 variae
2663 1132 2755 1176 eius

386 1208 554 1265 species
583 1209 628 1252 in
658 1208 835 1252 vocibus
864 1209 999 1264 epicis
1031 1213 1308 1252 conservatae
1336 1215 1534 1265 arguunt,
1567 1224 1679 1265 quae
1709 1225 1805 1253 cum
1836 1209 1891 1251 ad
1922 1209 2105 1251 formam
2136 1208 2274 1263 magis
2317 1208 2579 1264 primitivam
2609 1203 2681 1249 ἆσι
2712 1210 2757 1249 et

384 1280 438 1327 ἆτ
467 1284 529 1340 (in
561 1283 774 1340 ἀτρέμας)
802 1282 1061 1336 referantur,
1085 1283 1201 1326 haud
1231 1283 1360 1327 dubie
1390 1284 1517 1328 simul
1564 1299 1662 1328 cum
1706 1283 1899 1339 praefixo
1928 1298 2159 1339 synonymo
2201 1283 2355 1326 Latino
2383 1286 2440 1325 at
2475 1282 2519 1324 in
2549 1285 2752 1333 atavus,

388 1358 582 1402 emollito
610 1358 654 1401 in
684 1358 940 1410 aduncus,
971 1358 1224 1413 adaeque,
1255 1358 1536 1411 adsimiliS,
1582 1358 1822 1410 adfabre,
1860 1357 2105 1413 adprobe,
2147 1357 2246 1400 aliis
2282 1360 2502 1411 cognatae,
2529 1359 2753 1410 tamquam

387 1432 584 1476 ultimam
614 1432 822 1488 originem
853 1432 939 1475 sibi
976 1432 1194 1475 vindicant
1221 1431 1461 1487 praefixum
1491 1433 1748 1476 intensivum
1778 1432 2043 1475 Sanscritum
2072 1431 2151 1474 ati
2180 1431 2461 1486 (atigivas,
2477 1433 2627 1480 viva-m
2655 1428 2755 1471 ati-

383 1520 563 1562 garas,
592 1509 757 1563 longius
787 1514 926 1550 aetate
950 1514 1198 1563 provectus,-
1227 1507 1529 1559 atidaivas,
1560 1510 1664 1551 deus
1689 1516 1851 1563 potens,
1883 1507 1957 1563 al).
1989 1506 2151 1560 Quibus
2178 1505 2468 1548 fundamentis
2498 1503 2753 1547 substructis

389 1580 642 1629 Doederlini
670 1595 791 1637 opus,
824 1581 939 1637 quod
967 1595 1204 1637 parumper
1221 1572 1424 1626 Lobeckii
1452 1581 1658 1625 arietibus
1675 1580 1814 1638 (Path.
1832 1580 1885 1623 el.
1900 1595 1941 1635 p.
1968 1583 2020 1624 33
2041 1581 2158 1635 sqq.)
2175 1578 2484 1622 labefactatum
2497 1581 2576 1629 est,
2603 1575 2754 1619 stabi—

387 1656 515 1700 litum
540 1660 583 1699 et
610 1656 680 1699 hic
707 1656 799 1699 illic
826 1660 1042 1700 resartum
1073 1656 1220 1710 stabit,
1250 1671 1389 1712 neque
1419 1657 1590 1709 dubito,
1633 1656 1736 1712 quin
1765 1655 1834 1697 hic
1861 1655 1983 1698 locus
2010 1653 2327 1710 grammaticae,
2359 1652 2434 1707 qui
2461 1655 2527 1695 est
2553 1651 2607 1694 de
2635 1669 2662 1693 α
2689 1650 2754 1693 in-

384 1731 562 1783 tensive,
590 1730 666 1774 ubi
694 1730 871 1775 uberius
897 1746 950 1774 ac
976 1732 1182 1783 limatius,
1226 1746 1356 1787 quam
1394 1746 1471 1787 per
1497 1731 1703 1787 temporis
1732 1730 1817 1774 mei
1845 1729 2065 1785 angustias
2095 1727 2191 1772 fieri*
2221 1741 2335 1772 nunc
2363 1726 2496 1779 licuit,
2542 1728 2752 1769 tractatus

386 1807 529 1859 fuerit,
560 1805 617 1849 ab
654 1806 902 1851 huiusmodi
932 1807 1256 1862 quaestionibus
1285 1807 1416 1862 epicis
1450 1820 1605 1850 novam
1634 1802 1772 1848 lucem
1801 1810 1844 1849 et
1870 1809 2123 1859 accepturus
2150 1807 2192 1846 et
2219 1801 2465 1846 redditurus
2494 1799 2561 1844 sit.
