3009 3977
1412 211 1476 262 15

264 377 421 441 bimus.
478 375 531 421 In
556 376 773 435 Odysseae
805 377 911 422 libri
942 378 1046 423 XXI
1078 379 1201 423 initio
1237 379 1447 436 Penelope
1475 379 1621 437 procis
1665 384 1881 424 certamen
1920 379 2183 424 matrimonii
2218 379 2284 423 sui
2320 379 2523 436 proponit
2559 391 2628 422 ar·
2704 430 2706 433 ¹

267 466 449 508 cumque
480 452 649 509 Ulyssis
677 466 774 496 cum
807 454 975 509 sagittis
1002 454 1119 498 tradi
1145 454 1276 497 iubet.
1305 454 1522 498 Eumaeus
1550 458 1595 498 et
1626 454 1859 499 Philoetius
1888 459 2083 510 pastores
2121 446 2218 499 cum
2237 468 2386 498 arcum
2412 455 2628 509 intuentes

240 523 480 582 'desiderio
509 526 668 571 domini
695 527 885 583 perculsi
910 527 1056 581 fleant,
1084 529 1299 572 Antinous
1326 542 1400 573 eos
1429 528 1627 584 increpat
1653 543 1693 572 v.
1718 533 1793 577 90:

807 602 1004 646 κλαίετον
1033 602 1265 656 ἔξελθύντε,
1296 599 1557 647 κατάὔτόθι
1585 604 1685 656 τόξα
1713 604 1894 655 λιπόντε,

808 676 1128 734 μνηστήρεσσιν
1155 676 1314 721 ἄεθλον
1343 675 1534 721 ἇάΙΡατον
1561 693 1573 703 ·
1604 677 1654 721 οὗ
1687 678 1767 735 γὰρ
1798 674 1876 723 ὄΐω

811 751 997 809 ῥηϊδίως
1028 751 1128 795 τόδε
1155 751 1276 805 τόξον
1305 752 1452 805 ἐΰξοον
1482 752 1776 796 ἐντανύεσθαι.

810 825 860 867 οὗ
890 827 970 882 γάρ
1002 844 1066 878 τις
1094 829 1205 881 μέτα
1235 833 1354 879 τοῖος
1383 826 1489 885 ἀνὴρ
1523 827 1570 870 ἐν
1599 829 1795 870 τοῖσδεσι
1825 831 1968 878 πᾶσιν,

508 947 510 949 ‚
810 894 900 953 οἷος
935 896 1179 953 Ὀδυσσειῖς
1209 901 1346 945 ἔσκεν.

269 974 335 1016 De
363 975 592 1018 certamine
618 974 872 1029 periculoso,
903 974 1071 1028 dolores
1099 974 1318 1030 afferente,
1354 976 1538 1019 terribili
1567 977 1744 1032 cogitari
1774 991 1859 1020 non
1889 990 2016 1032 posse
2046 976 2308 1020 Buttmanno
2337 975 2623 1029 conoedimuS,

268 1047 344 1091 sed
370 1048 552 1091 multum
582 1048 705 1092 abest
730 1053 779 1092 ut
811 1049 921 1092 illud
956 1050 1301 1105 irreprehensum
1334 1050 1472 1095 dicere
1508 1053 1736 1106 possimus.
1795 1051 1860 1094 Ne
1897 1052 2162 1094 levissimum
2204 1051 2378 1107 quidem
2418 1050 2625 1094 indicium

266 1136 453 1177 usquam
479 1122 639 1175 elicias,
669 1123 781 1166 unde
817 1138 970 1178 procos
1005 1124 1315 1180 reprehendere
1353 1126 1538 1169 voluisse
1575 1129 1789 1168 certamen
1827 1126 2019 1181 colligas,
2055 1140 2194 1181 neque
2233 1127 2279 1169 in
2317 1125 2449 1169 verbo
2495 1113 2623 1178 m
2662 1104 2809 1162 63⁵4!

267 1196 622 1252 significationem
651 1198 990 1253 reprehendendi
1015 1199 1154 1243 inesse
1183 1199 1395 1243 ostendas.
1426 1200 1531 1244 Cum
1560 1215 1661 1243 vero
1688 1215 1741 1244 ex
1770 1204 1887 1243 certa
1914 1200 2081 1244 notione
2113 1201 2228 1244 vocis
2257 1197 2452 1252 ddFawg
2479 1198 2624 1243 verbis

267 1271 424 1326 ἄεθλος
467 1272 656 1326 ἆὰΕατος
691 1277 904 1318 certamen
942 1266 1217 1330 significetur,
1269 1277 1382 1332 quod
1415 1279 1581 1320 multum
1613 1277 1784 1331 fraudis
1823 1274 1890 1318 vel
1936 1278 2103 1319 muuum
2141 1279 2303 1320 erroris
2339 1276 2477 1328 habet,
2518 1288 2623 1318 sane

265 1347 473 1391 eiusmodi
501 1351 715 1391 certamen
743 1349 952 1392 Antinous
981 1349 1073 1404 ipse
1101 1349 1275 1403 indicat,
1305 1364 1491 1403 causam,
1533 1364 1611 1393 cur
1655 1364 1782 1392 arcus
1811 1348 1928 1392 haud
1967 1349 2104 1393 facilis
2148 1349 2203 1392 ad
2240 1348 2501 1393 tendendum
2532 1347 2618 1392 sibi

263 1422 472 1476 videatur,
503 1436 597 1465 eam
624 1422 800 1475 addens,
831 1426 945 1478 quod
967 1438 1089 1467 nemo
1117 1424 1228 1467 inter
1255 1439 1402 1467 omnes
1429 1438 1582 1479 procos
1609 1424 1852 1467 inveniatur
1881 1424 2024 1479 qualis
2056 1424 2232 1479 Ulysses
2264 1424 2404 1471 fuerit.

533 1496 728 1551 Denique
754 1497 860 1540 haec
889 1497 1142 1552 significatio
1168 1499 1336 1554 egregie
1366 1499 1642 1541 confirmatur
1668 1498 1802 1541 altero
1830 1499 1936 1551 loco,
1965 1497 2041 1540 ubi
2084 1498 2260 1553 Ulysses
2298 1498 2471 1540 Antinoi
2500 1497 2617 1540 loeu-

264 1571 379 1614 tione
406 1575 529 1615 utens
557 1586 641 1614 non
670 1572 759 1615 sine
788 1572 982 1616 irrisione
1012 1573 1089 1617 Od.
1120 1573 1244 1616 XXII
1272 1577 1318 1616 5:

803 1641 939 1701 Οὗτος
968 1648 1051 1703 μὲν
1082 1648 1133 1704 (rr)
1166 1647 1323 1701 ἄεθλος
1352 1647 1541 1701 ιῖάὶῗατος
1572 1648 1880 1693 ἐκτετέλεσται.

268 1735 395 1765 sensu
422 1721 539 1765 haud
568 1721 769 1779 ambiguo
798 1723 877 1767 hoc
905 1723 1029 1767 dicit:
1075 1724 1293 1768 Certamen
1335 1725 1503 1779 fraudis
1540 1728 1745 1778 (en-oris)
1781 1727 1960 1780 plenum,
2002 1741 2030 1769 a
2068 1726 2188 1775 vobis
2224 1726 2503 1779 desperatum,
2538 1725 2622 1765 iam

261 1799 489 1853 perfectum
517 1806 590 1842 est.

533 1873 592 1918 Ut
620 1873 676 1916 ad
705 1873 821 1918 vocis
850 1873 1110 1929 compositae
1138 1876 1282 1928 partes
1321 1872 1623 1918 discernendas
1652 1877 1858 1928 revertar,
1897 1889 1949 1918 ne
1976 1873 2114 1918 ullam
2143 1872 2195 1917 de
2223 1874 2276 1917 iis
2309 1871 2617 1917 dubitationem

266 1946 521 2002 relinquam,
549 1948 716 1991 reiectis
744 1947 898 1991 ficticio
927 1948 1010 1991 isto
1040 1947 1249 1991 adiectivo
1278 1946 1442 2009 verbali
1482 1949 1615 2003 αἀτός
1659 1954 1701 1993 et
1735 1969 1761 1993 a
1797 1949 2011 2005 particula
2047 1949 2244 2004 negativa
2289 1950 2389 1990 ante
2427 1945 2619 1990 vocalem

268 2023 364 2078 (pro
391 2020 461 2079 ἄν)
490 2022 654 2077 illicita,
684 2037 794 2078 quae
822 2023 1107 2067 Buttmannus
1136 2034 1422 2078 praepropere
1452 2024 1635 2077 admisit,
1655 2025 1741 2068 iam
1763 2023 1953 2076 ἆάΡατος
1985 2022 2239 2067 vocabulum
2268 2037 2320 2066 ex
2351 2041 2378 2065 a
2407 2021 2617 2065 intensivo

266 2099 309 2139 et
337 2096 473 2154 ἇΡάτη
505 2097 782 2153 compositum
810 2111 903 2141 esse
932 2097 1123 2141 videmus
1160 2111 1210 2140 eo
1243 2097 1381 2150 mod0,
1422 2112 1508 2153 quo
1548 2098 1756 2154 ἆάσχετος
1794 2098 1869 2141 illo
1905 2097 2038 2152 alpha
2073 2096 2318 2153 praeposito
2359 2095 2620 2139 intensivam

265 2173 350 2215 vim
378 2172 441 2215 rei
466 2175 589 2216 valde
613 2176 886 2216 intolerabilis
916 2172 1092 2227 accepit.
1151 2172 1330 2215 Hiatum
1358 2176 1456 2227 post
1485 2191 1512 2215 α
1541 2174 1797 2216 intensivum
1824 2186 1910 2215 non
1940 2172 2164 2227 originitus
2196 2171 2339 2214 locum
2367 2170 2617 2222 obtinuisse,

266 2246 342 2289 sed
369 2247 534 2289 abiecto
563 2246 733 2290 demum
763 2248 853 2290 eius
884 2247 1021 2303 sigma
1058 2247 1179 2289 finali
1206 2250 1348 2289 ort-um
1385 2261 1489 2300 esse,
1533 2260 1585 2289 ex
1622 2246 1814 2302 pristinis
1842 2245 1958 2288 illius
1998 2244 2178 2300 praefixi
2207 2245 2358 2288 formis
2389 2243 2620 2299 bisyllabis

207 2310 210 2313 ⁵
267 2336 398 2377 supra
427 2322 728 2366 demonstratis
757 2320 846 2373 οἷσι,
883 2321 961 2365 ἇσε
991 2327 1034 2365 et
1063 2323 1131 2365 vel
1159 2323 1345 2365 maxime
1374 2336 1426 2365 ex
1454 2321 1506 2374 ἇς
1534 2326 1736 2365 truncata
1776 2321 1914 2364 forma
1941 2322 1985 2363 in
2024 2320 2255 2373 ἇς-πάσιος
2295 2321 2527 2374 conspicua
2557 2320 2623 2362 in-

262 2397 399 2453 telligi
423 2401 576 2452 potest.
634 2397 751 2441 Sicut
778 2398 822 2441 in
851 2397 998 2441 formis
1028 2397 1255 2454 bisyllabis
1286 2398 1423 2453 sigma
1460 2398 1572 2440 inter
1600 2396 1770 2440 vocales
1800 2395 2111 2450 intermedium,
2146 2409 2247 2438 raro
2278 2399 2327 2438 ut
2363 2396 2409 2438 in
2438 2395 2622 2453 α’σί-χηρ

265 2476 495 2526 servatum,
531 2472 657 2516 facile
687 2473 927 2516 elidebatur
955 2474 999 2515 in
1029 2472 1245 2531 ἀΐ-δηλος,
1291 2473 1581 2531 ἐπῆρται-ὅς,
1628 2470 1870 2524 αἐ-πάσιος,
1901 2473 1962 2514 ita
1995 2472 2124 2515 etiam
2150 2474 2352 2515 truncata
2381 2466 2433 2523 ἇς
2466 2471 2622 2524 forma,

266 2561 376 2601 quae
405 2551 504 2590 ante
533 2561 740 2590 consonas
770 2547 942 2601 quidem
981 2547 1154 2590 duravit
1188 2548 1234 2590 in
1271 2548 1516 2604 ἐπ-ης·τάν,
1555 2548 1797 2599 ἇς-πάσιος,
1839 2552 1938 2590 ante
1976 2547 2147 2591 vocales
2187 2547 2326 2601 sigma
2367 2545 2620 2589 abiiciebat:

266 2620 486 2673 ἇ-άΙΡατος,
511 2617 754 2676 ἇ-άσχετος.
786 2621 945 2665 Verum
958 2635 1010 2664 ex
1026 2620 1106 2664 hoc
1136 2636 1306 2684 quoque
1333 2637 1487 2677 genere
1514 2621 1565 2675 ἇς
1591 2623 1700 2666 illud
1727 2622 1967 2678 praefixum
1985 2626 2199 2677 superstes
2227 2626 2293 2664 est
2319 2624 2363 2664 et
2391 2636 2532 2676 usque
2563 2619 2621 2663 ad

262 2695 455 2741 infimam
483 2695 741 2741 Graecitatis
771 2699 955 2740 aetatem
983 2695 1196 2751 integrum
1231 2696 1468 2752 permansit
1493 2696 1538 2740 in
1570 2694 1845 2752 ''Ag-avd'pog
1872 2696 2040 2740 nomine
2075 2694 2266 2751 proprio,
2311 2693 2429 2750 quod
2457 2694 2622 2750 pariter

265 2775 394 2828 atque
428 2767 635 2829 Ἀγήνωρ
672 2775 715 2815 et
748 2785 902 2816 nomen
932 2770 1196 2815 Sanscritum
1224 2771 1594 2828 atipurushas
1622 2772 1794 2827 proprie
1824 2785 1919 2815 eum
1950 2769 2158 2826 designat,
2200 2768 2276 2824 qui
2303 2771 2528 2814 admodum
2555 2771 2624 2812 vir

263 2849 339 2890 est.
398 2845 464 2889 Ex
494 2860 578 2902 quo
609 2847 766 2890 servati
795 2850 893 2890 ante
922 2845 1114 2890 vocalem
1139 2845 1323 2902 praefixi
1352 2843 1402 2900 ἇς
1432 2847 1627 2902 exemplo
1654 2847 1809 2902 insigni
1842 2849 1955 2889 certe
1979 2843 2177 2900 colligere
2206 2843 2308 2888 licet
2334 2844 2463 2888 etiam
2493 2855 2618 2887 voces

262 2922 406 2978 epicas
445 2921 671 2977 originitus
711 2919 964 2975 dg-a'Fatog,
1002 2918 1255 2978 ἇς-άσχετος
1296 2923 1499 2967 sonuisse.
1559 2921 1641 2966 Sed
1680 2921 1795 2966 sibili
1840 2920 1949 2983 fuga
1987 2920 2127 2975 magis
2165 2919 2393 2975 magisque
2428 2919 2621 2973 grassari

262 2997 399 3052 coepit
425 2997 471 3040 in
500 3011 737 3040 sermonem
768 2997 995 3050 Graecum,
1016 3002 1074 3053 >ut
1102 2994 1153 3050 οἷς
1181 2997 1423 3053 praefixum
1450 2997 1535 3040 iam
1564 2996 1741 3040 Homeri
1779 2998 1920 3038 aetate
1957 3009 2042 3038 non
2086 2995 2230 3037 minus
2268 2997 2366 3037 ante
2398 3005 2617 3044 consonas,

262 3084 393 3126 quam
421 3075 521 3114 ante
548 3071 732 3124 vocales,
763 3072 901 3127 sigma
931 3072 1124 3115 amiserit
1153 3076 1196 3115 et
1225 3090 1252 3115 α
1280 3072 1537 3116 intensivum
1566 3071 1729 3115 nudum
1746 3074 1974 3126 superstes,
1988 3070 2120 3113 fuerit
2147 3070 2193 3113 in
2222 3069 2370 3113 multis
2398 3067 2620 3111 vocabulis

263 3142 433 3203 ἀγλαός,
465 3144 693 3204 ἆσπερχές,
725 3146 893 3200 ἄξυλος,
927 3146 1091 3205 ἀτενής,
1122 3146 1300 3205 ἀχανής,
1331 3148 1442 3201 aliis,
1472 3162 1584 3203 quae
1612 3147 1821 3203 pleraque
1838 3146 2008 3201 collegit
2024 3144 2308 3189 Doederlinus
2336 3146 2380 3187 in
2409 3157 2621 3186 commen-

260 3221 420 3263 tat-ione
451 3221 531 3273 „de
561 3220 678 3277 ἄλφα
707 3222 917 3264 inoensivo
947 3222 1153 3264 sermonis
1182 3222 1366 3265 Graeci“
1398 3222 1612 3277 Erlangae
1655 3235 1694 3263 a.
1743 3224 1852 3263 1830
1895 3220 2023 3273 edita,
2069 3234 2199 3275 quam
2236 3234 2330 3261 cum
2360 3232 2438 3272 per
2465 3217 2620 3260 biblio-

260 3294 384 3350 polas
411 3296 602 3339 nancisci
629 3310 715 3339 non
743 3311 926 3352 possem,
966 3297 1033 3340 vir
1060 3296 1242 3340 illustris
1270 3297 1441 3352 roganti
1468 3297 1572 3340 mihi
1604 3296 1909 3339 liberalissime
1938 3296 2189 3339 transmisit.
2247 3294 2400 3348 Itaque
2427 3292 2540 3336 hunc
2571 3291 2621 3335 li-
