3009 3977
1405 245 1468 293 11

517 411 780 467 μνηστήρων
806 408 958 466 ὅμιλος
986 409 1067 454 Od.
1093 408 1199 455 XVI
1225 409 1472 454 29---XXIII
1498 412 1525 454 3
1585 426 1619 463 .,ῑ
1638 405 1748 466 ἇνήρ
1786 410 2084 467 (Μελάνθιος)
2123 409 2203 454 Od.
2243 410 2368 455 XXII
2407 413 2518 463 165„

518 483 658 541 ινέργα
685 482 738 528 11.
765 483 806 527 v
834 487 931 528 757.
962 487 1057 529 872.
1084 482 1261 528 nesiod.
1289 483 1444 540 fragm.
1535 518 1545 527 .
1613 484 1622 493 ·
1656 482 1698 527 d.
1730 483 1776 527 P.
1807 483 1876 527 111
1902 487 1972 528 48.
2009 483 2125 540 Tyrt.
2167 484 2221 528 el.
2270 488 2310 528 8.

519 555 618 601 adv.
639 552 800 615 ἆΐδηλα
827 557 1059 613 μωμεύειν,
1085 560 1286 614 proterve
1311 555 1542 603 conviciari
1565 557 1741 604 Hesiod.
1771 558 1852 614 Op.
1884 562 1994 611 754„
2024 557 2218 616 ἀϊδήλως
2243 561 2439 611 κτείνειν,
2468 560 2622 605 feroci-

574 634 642 674 ter
668 630 862 674 occidere
894 631 946 675 Il.
975 631 1079 676 XXI
1109 633 1207 675 220.

456 707 495 747 2.
523 704 651 747 valde
677 704 860 758 lucidus,
885 705 1046 758 clarus,
1077 705 1354 760 conspicuus:
1386 705 1458 749 τὸν
1486 707 1569 762 μὲν
1596 705 1779 764 ἀΐδηλον
1810 710 1943 765 θῆκεν
1972 707 2074 759 θεός
2103 706 2155 750 Π.
2185 706 2231 750 11
2260 710 2355 751 318.

1135 860 1733 929 Ἐπηετανός.

517 1011 613 1054 Iam
637 1015 832 1055 veterum
868 1011 922 1055 de
957 1012 1075 1056 vocis
1111 1013 1259 1069 epicae
1297 1012 1528 1070 ἐπηετανός
1567 1013 1610 1057 vi
1648 1018 1691 1057 et
1725 1013 1891 1070 origine
1914 1014 2166 1058 'sententiae
2206 1014 2409 1059 diversae
2444 1014 2619 1059 fuerunt

244 1088 356 1130 teste
383 1085 633 1130 Herodiano
658 1086 798 1143 Epim.
829 1086 864 1130 I*
882 1090 984 1131 180:
1022 1087 1254 1145 ἐπηετανὸς
1283 1086 1400 1145 παρὰ
1429 1088 1475 1132 τὸ
1505 1080 1615 1141 ἔτος,
1656 1088 1715 1141 ὥς
1747 1089 1796 1131 δέ
1822 1106 1934 1141 τινες
1962 1088 2079 1146 παρὰ
2107 1088 2155 1133 τὸ
2185 1090 2356 1142 ταναός.
2399 1089 2526 1134 Prior
2545 1089 2619 1148 *in-

246 1161 500 1216 terpretatio
529 1165 742 1218 perennis,
789 1164 849 1205 ad
881 1176 1036 1206 ameum
1073 1163 1304 1219 sufficiens,
1349 1175 1437 1218 qua
1476 1162 1713 1225 ἐνζηετανός
1749 1176 1838 1207 una
1873 1176 1970 1207 cum
2006 1164 2231 1222 ἐπετήσιος
2273 1163 2373 1222 (011.
2419 1164 2504 1209 VII
2540 1167 2622 1209 118

249 1235 475 1293 ἐπετήσιος
503 1237 684 1293 καρπός)
713 1236 770 1279 ab
798 1237 948 1281 eodem
974 1241 1115 1293 etymo
1141 1238 1444 1293 repetiverunt,
1473 1238 1752 1294 redarguitur
1767 1237 2053 1282 locutionibus
2073 1238 2315 1282 Homericis
2343 1239 2455 1294 γάλα
2487 1239 2617 1296 ἔπηε-

249 1311 376 1354 τανόν
414 1310 494 1354 Od.
535 1311 596 1354 IV
635 1314 704 1363 89,
735 1311 894 1368 κομιδὴ
925 1311 1158 1368 ἐπηετανός
1193 1311 1252 1355 ib.
1290 1311 1396 1355 VIII
1410 1316 1491 1356 233
1520 1315 1564 1355 et
1592 1311 1771 1370 λέβητες
1802 1311 2043 1368 ἐπηετανοί
2070 1311 2212 1368 hymn.
2242 1311 2369 1356 Hom.
2399 1313 2446 1356 in
2474 1311 2609 1356 Mero.

251 1390 319 1439 61,
362 1388 626 1440 quapropter
653 1385 705 1428 G.
736 1385 909 1428 Curtius
936 1386 1129 1442 (sseitfdn‘.
1157 1387 1186 1442 f.
1215 1385 1486 1441 ῢυϋαῷυεϊᾳῐ.
1527 1387 1549 1429 Ι
1588 1399 1630 1440 p.
1673 1388 1746 1441 34)
1784 1385 1905 1428 aliud
1938 1389 2108 1441 etymon
2145 1387 2371 1441 requirens
2423 1385 2616 1429 mediam

246 1459 366 1502 illius
396 1459 513 1502 vocis
539 1458 801 1514 particulam
830 1477 878 1516 ηε
907 1460 1077 1502 variam
1115 1456 1190 1502 ἇεί
1211 1459 1406 1502 adverbii
1434 1459 1617 1503 formam
1647 1462 1690 1501 et
1716 1476 1846 1511 τανος
1875 1458 2079 1502 suffixum
2108 1473 2201 1502 esse
2238 1461 2498 1515 suspicatur.
2558 1461 2618 1502 At

249 1547 352 1577 vero
379 1547 518 1588 neque
546 1546 599 1575 ex
627 1533 829 1584 Homero,
860 1534 935 1587 qui
963 1537 1135 1588 praeter
1161 1547 1296 1576 unum
1324 1529 1400 1576 ἀεί
1421 1533 1470 1576 Il.
1497 1533 1583 1576 XII
1601 1535 1677 1575 211
1700 1536 1947 1576 constanter
1967 1535 2062 1576 αἰεί
2083 1538 2126 1576 et
2153 1535 2247 1576 αἰέν
2277 1547 2328 1576 ac
2356 1533 2615 1577 vocabulum

250 1607 309 1652 ab
338 1622 388 1652 eo
417 1607 700 1663 compositum
726 1623 860 1651 unum
887 1607 1150 1664 αἰειγενέτης
1178 1608 1371 1662 praebet,
1397 1623 1537 1662 neque
1576 1609 1751 1651 aliunde
1789 1617 1839 1663 ηε
1875 1624 1955 1663 pro
1990 1611 2086 1651 αἰεί
2117 1610 2187 1651 vel
2227 1606 2304 1652 ἇεί
2331 1610 2493 1651 dictum
2520 1623 2615 1651 esse

251 1685 518 1738 compertum
548 1685 625 1736 est,
655 1697 734 1726 nec
761 1683 901 1738 magis
931 1682 984 1726 de
1013 1681 1169 1726 suffixo
1197 1700 1324 1734 τανος
1353 1682 1591 1737 quidquam
1617 1684 1722 1726 certi
1750 1687 1939 1735 constat3
1969 1683 2159 1738 denique
2186 1684 2537 1738 interpretatione
2562 1683 2616 1725 de

252 1760 427 1801 aeterno
455 1756 523 1800 vel
550 1759 758 1812 perpetuo
789 1757 845 1800 ad
872 1770 1000 1801 usum
1028 1756 1206 1812 epitheti
1234 1756 1536 1812 explicandum
1552 1771 1709 1812 pamm
1723 1746 1960 1812 proficitur.
1990 1756 2093 1800 Plus
2118 1757 2225 1800 vidit
2251 1756 2505 1800 Lobeckius.
2535 1757 2618 1809 Qui

255 1844 353 1875 cum
370 1830 536 1874 Pathol.
568 1830 620 1874 el.
651 1845 693 1887 p.
724 1834 807 1875 435
826 1832 1070 1887 opinionem
1090 1845 1116 1874 a
1134 1830 1349 1875 veteribus
1363 1831 1583 1884 traditam,
1615 1832 1690 1886 qui
1709 1830 1860 1884 ἔτανος
1886 1831 2143 1876 adiectivum
2163 1831 2219 1875 ab
2236 1832 2330 1884 ἔτος
2345 1831 2522 1874 ductum
2544 1831 2621 1873 fin-

252 1905 423 1962 gebant,
453 1904 736 1950 deserendam
765 1920 859 1950 esse
888 1905 1103 1951 docuisset
1130 1908 1360 1962 propterea
1399 1905 1514 1961 quod
1543 1905 1758 1950 adiectiva
1787 1907 1831 1950 in
1862 1894 1965 1960 ᾀνος
1995 1921 2022 1950 a
2048 1906 2293 1950 nominibus
2322 1907 2489 1961 generis
2516 1921 2620 1949 neu·

250 1980 360 2023 trius
396 1980 441 2023 111
477 1997 524 2033 ος
567 1979 821 2024 exeuntibus
861 1984 1103 2036 propagata
1141 1995 1227 2025 non
1263 1984 1480 2025 exstarent
1522 1983 1697 2035 praeter
1742 1980 1827 2025 du'o
1865 1981 2033 2037 longius
2073 1985 2326 2036 exporrecta
2375 1981 2621 2038 μηκεὸ·ανός

251 2057 295 2096 et
323 2054 560 2111 ῥιγεδανός,
586 2053 769 2097 alteram
799 2054 1127 2110 originationem
1157 2067 1184 2097 a
1213 2054 1428 2098 veteribus
1457 2055 1742 2110 propositam:
1777 2056 1836 2107 ὥς
1867 2056 1917 2098 δέ
1945 2073 2058 2107 τινες
2086 2054 2205 2113 31an
2237 2056 2284 2098 τὸ
2315 2055 2475 2108 ταναός
2507 2068 2621 2098 com-

249 2128 453 2183 probavit
480 2127 834 2183 significationem
870 2142 896 2170 a
933 2129 1111 2184 perenni
1148 2132 1190 2171 et
1225 2131 1431 2184 perpetuo
1467 2129 1697 2173 transferri
1736 2129 1792 2172 ad
1832 2129 2080 2173 continuum
2102 2112 2319 2173 ’asserens
2356 2133 2399 2172 et
2433 2128 2620 2173 formam

251 2205 420 2259 egregio
449 2204 644 2258 exemplo
673 2203 878 2258 Hesychii
898 2203 1143 2247 illustrans:
1176 2204 1390 2259 διητανές,
1434 2204 1562 2254 λιτόν,
1602 2205 1918 2258 διατεταμένον.
1977 2204 2071 2248 Etsi
2098 2203 2339 2247 Lobeckius
2367 2203 2618 2258 explicatio-

250 2292 350 2321 nem
381 2291 504 2320 suam
525 2292 610 2320 non
638 2277 836 2321 omnibus
865 2277 1065 2333 partibus
1094 2277 1282 2321 absolvit
1307 2291 1385 2320 nec
1404 2278 1583 2333 singulis
1601 2277 1706 2321 locis
1735 2277 1902 2321 collatis
1926 2278 2148 2330 stabilivit,
2178 2282 2325 2321 tamen
2355 2291 2487 2334 quam
2515 2281 2619 2333 apte

189 2385 192 2388 ι
255 2353 446 2396 continui
474 2353 827 2408 significationem
856 2353 1066 2406 statuerit,
1094 2354 1182 2396 iam
1210 2354 1398 2409 primum
1425 2367 1476 2396 ex
1503 2367 1553 2396 eo
1583 2353 1868 2396 animadverti
1895 2357 2049 2408 potest,
2081 2352 2195 2408 quod
2225 2357 2302 2396 aut
2325 2352 2517 2407 pluralia
2545 2355 2625 2395 aut

254 2428 479 2470 collectiva
505 2428 680 2470 nomina
707 2441 810 2470 voce
841 2427 1074 2483 ἐπηετανός
1103 2428 1360 2482 copulantur
1388 2432 1430 2470 et
1455 2427 1573 2482 quod
1597 2427 1839 2481 complures
1851 2431 2023 2471 „veteres
2041 2430 2410 2478 commentatores,
2427 2426 2622 2469 1111161111-

254 2515 338 2557 que
366 2501 647 2558 etymologiae
677 2501 923 2554 adhaerent,
952 2502 996 2544 in
1027 2501 1120 2545 sola
1149 2502 1340 2545 continui
1368 2502 1537 2545 notione
1565 2502 1677 2544 inter
1695 2515 1739 2544 se
1759 2501 2039 2554 consentiunt,
2056 2506 2105 2543 ut
2120 2500 2377 2555 Apollonius
2393 2500 2619 2555 Sophista:

254 2576 487 2634 ἐπηετανός
517 2577 696 2634 (κομιδή
728 2575 807 2619 Od.
836 2575 941 2619 VIII
963 2578 1077 2633 233),
1108 2577 1450 2633 παρατεταμένη,
1483 2576 1728 2633 συνεχής,
1759 2575 1897 2619 Schol.
1929 2575 2007 2619 Od.
2036 2575 2097 2618 VI
2126 2579 2179 2619 86
2208 2575 2406 2632 (πλυνοῷ
2438 2575 2621 2631 ἐπηετα-

253 2653 336 2703 νοί,
367 2652 533 2703 πολλοί,
565 2658 833 2706 συνεχεῖς,
866 2651 1121 2706 ὅλοχρόνιοι,
1150 2651 1392 2707 Hesychius
1426 2648 1700 2709 Ἐπηετανόν,
1733 2653 1974 2706 συνεχές,
2019 2649 2400 2701 ἀδιάλειπτον,
2433 2666 2621 2707 παρατε-

250 2728 437 2782 ταμένον
470 2725 541 2772 διὰ
571 2726 728 2780 παντὸς
756 2731 840 2771 τσῦ
863 2728 1042 2784 χρόνον,
1076 2728 1273 2782 δαψιλές.
1333 2725 1425 2770 Iam
1455 2741 1557 2770 vero
1586 2725 1818 2784 ἐπηετανοί
1845 2727 2007 2769 πλυνοί
2034 2725 2113 2768 011.
2141 2725 2203 2768 VI
2231 2728 2299 2778 86,
2341 2723 2516 2782 ἇρδμοί
2540 2723 2619 2767 Od.

182 2811 195 2820 “
250 2802 359 2846 XIII
389 2805 485 2855 247,
504 2804 682 2860 λέβητες
709 2802 853 2858 hymn.
883 2802 1010 2845 Hom.
1039 2802 1084 2845 in
1114 2802 1246 2845 Merc.
1279 2806 1328 2845 61
1355 2802 1577 2857 aptissime
1593 2802 1793 2844 dicuntur
1819 2800 1990 2844 scrobes
2019 2799 2196 2857 (labra),
2226 2801 2497 2855 aquationes,
2527 2799 2618 2854 pel-

251 2891 327 2920 ves
357 2877 597 2931 continuae,
626 2879 672 2920 in
702 2877 895 2921 ordinem
923 2877 1187 2933 pertinentes
1216 2877 1285 2920 vel
1301 2877 1548 2932 dispositae,
1579 2875 1810 2933 ἐπηετανὸν
1830 2876 1938 2933 γάλα
1956 2874 2035 2918 011.
2059 2874 2121 2917 IV
2146 2877 2215 2927 89,
2234 2873 2469 2931 ἐπηετανὸς
2500 2880 2621 2925 σῖτος

250 2951 398 2995 XVIII
415 2955 510 3005 360,
538 2952 693 3007 -βίος
721 2951 895 3001 Hesiod.
927 2952 1007 3006 Op.
1038 2955 1104 2995 31.
1135 2950 1257 2994 Pind.
1287 2951 1487 2995 Nem.VI
1515 2955 1580 3005 10,
1610 2951 1827 3007 -κομιδή
1858 2949 1935 2993 Od.
1956 2949 2064 2993 VIII
2088 2953 2167 2992 133
2184 2949 2268 3003 lac,
2297 2949 2433 3003 cibus,
2463 2949 2615 3001 victus,

252 3026 394 3069 cultus
423 3026 652 3069 continuus
680 3027 709 3068 i.
753 3040 788 3067 e.
820 3026 1030 3080 copiosus,
1088 3025 1277 3068 Maxime
1308 3030 1451 3069 autem
1481 3025 1597 3081 apud
1634 3025 1869 3068 Hesiodum
1910 3024 2009 3078 Op?
2028 3027 2109 3066 516
2145 3024 2212 3066 vis
2253 3024 2381 3066 huius
2418 3021 2619 3065 adiectivi

251 3102 533 3158 cognoscitur,
561 3101 637 3145 ubi
666 3101 846 3158 singulis
874 3101 1017 3156 capris
1046 3104 1321 3157 opponuntur
1349 3105 1643 3157 congregatae.

793 3178 873 3218 καί
893 3191 938 3219 τε
969 3173 1144 3233 διἀἶγα
1171 3173 1278 3232 ἄησι
1306 3177 1554 3232 τανύτριχα,
1586 3176 1703 3219 πώεα
1734 3172 1891 3225 δὀὔτι,

792 3251 1195 3307 οὕνεκ’έπηεταναί
1223 3251 1369 3306 τρίχες
1400 3248 1553 3300 αὐτῶν,
1587 3245 1636 3291 οὗ
1668 3249 1842 3306 διάησιν

791 3326 833 3376 ἲς
862 3322 1025 3379 ἀνέμου
1056 3326 1244 3379 Βορέου.
