3009 3977
1480 285 1513 336 2

298 452 352 497 11.
380 453 419 496 V
447 456 543 506 880,
574 466 628 496 ex
653 452 743 496 illis
769 452 904 496 turba
930 466 1167 509 procorum,
1190 451 1371 510 ἀΐδηλος
1399 452 1552 506 ὅμιλος
1581 451 1662 495 Od.
1689 451 1793 495 XVI
1821 453 1900 498 29.Δ
1918 450 2069 496 XXIII
2098 453 2180 496 303
2210 453 2254 494 et
2283 450 2564 510 Melanthius,
2612 452 2689 509 qui

301 527 447 583 procis
477 539 600 570 arma
626 525 941 579 subministrat,
972 526 1052 570 Od.
1081 526 1209 570 XXII
1241 530 1323 570 165
1353 525 1532 583 ἀΐδηλος
1560 524 1670 584 ἀνήρ
1699 529 1887 578 vocetur,
1934 525 2122 581 deniqne
2145 524 2344 568 Achilles
2382 525 2435 568 n.
2470 524 2575 570 XXI
2602 529 2690 571 220
2731 547 2734 550 <

305 600 493 658 ἀϊδήλως
519 599 740 644 trucidare
769 599 956 653 dicatur,
981 599 1082 643 inde
1109 599 1275 655 colligit
1303 599 1592 643 Buttmannus
1619 599 1721 642 huic
1737 599 1832 643 voci
1849 599 2049 642 universe
2068 613 2243 658 sensum
2269 599 2504 676 perniciosi
2530 599 2686 655 inesse,

305 674 381 730 qui
410 674 528 718 solus
557 673 759 718 omnibus
788 673 895 718 locis
916 674 1274 718 accommodetur.
1303 675 1363 718 At
1388 688 1489 718 vero
1507 675 1600 731 ἔργ’
1621 673 1780 732 ἀίδηλα
1808 672 2067 718 locutionem
2094 674 2228 731 epicis
2258 673 2398 730 potitis
2419 687 2688 720 communem

305 748 393 791 alio
422 747 541 803 apud
569 748 820 800 Homerum,
850 748 938 791 alio
967 747 1086 803 apud
1114 748 1355 792 Hesiodum
1385 762 1513 791 sensu
1540 748 1864 803 intelligendam
1891 761 1987 791 esse
2025 747 2190 800 statuit,
2227 747 2347 803 apud
2374 747 2500 792 illum
2523 749 2688 794 >Martis

307 822 400 877 ἔργ’
415 821 575 878 ἇΐὸηλα
599 822 650 864 11.
671 822 710 863 V
735 825 760 863 7
765 825 817 864 57
837 835 907 864 res
922 822 1202 876 perniciosas,
1229 822 1274 864 in
1290 821 1469 866 Hesiodi
1485 821 1727 877 fragmento
1743 821 1861 876 apud
1880 821 2012 864 schol.
2040 819 2162 864 Pind.
2183 821 2229 864 P.
2249 821 2317 864 111
2337 825 2390 865 14
2406 823 2467 879 (et
2479 824 2574 878 48):
2592 825 2686 882 ἔργ’

304 896 466 952 ἇῖδηλα
497 910 610 950 quae
637 909 791 938 corvus
818 895 1014 951 Apollini
1048 896 1232 948 nuntiat,
1272 895 1435 939 scilicet
1469 895 1625 952 Ischyn
1663 895 1867 940 Coronidi
1901 895 1989 939 vim
2027 893 2237 947 attulisse,
2272 909 2359 941 non
2401 896 2683 953 perniciosas,
2767 910 2771 914 '

305 970 382 1013 sed
410 969 603 1012 occultas
625 968 918 1012 clandestinas
946 983 1017 1014 res
1043 983 1138 1012 esse
1158 972 1302 1012 censet
1323 972 1515 1013 veterum
1527 968 1931 1025 lexicographorum
1949 968 2332 1024 interpretamento
2352 968 2501 1025 aliquo
2524 969 2684 1029 ἅΐόηλα

306 1044 447 1101 ἅδηῑα
464 1026 672 1087 adhibito.
702 1043 807 1087 Sero
817 1046 1029 1099 temptata
1038 1043 1127 1087 iam
1143 1044 1428 1098 grammatica
1442 1044 1726 1100 explicatione
1744 1046 1804 1101 (p.
1817 1044 1918 1092 250)
1937 1057 1988 1088 eo
2004 1042 2199 1098 inclinat,
2217 1046 2271 1087 ut
2285 1042 2573 1099 significatum
2588 1058 2685 1102 per-

300 1119 453 1162 niciosi
471 1118 515 1161 in
531 1117 732 1162 latiorem
748 1132 922 1162 sensum
949 1118 1073 1173 impii
1099 1116 1257 1161 nefarii
1283 1119 1509 1162 transiisse
1535 1117 1757 1175 concedat,
1786 1121 1835 1164 ut
1862 1118 1940 1175 ἔργ
1954 1121 1965 1136 ’
1994 1116 2154 1175 ἀΐδηλα
2183 1132 2254 1162 res
2272 1117 2462 1163 nefarias
2490 1122 2534 1163 et
2561 1120 2680 1176 apud

299 1192 536 1237 Homerum
564 1196 608 1236 et
634 1192 751 1249 apud
781 1192 1019 1237 Hesiodum
1048 1192 1261 1245 denotent,
1291 1197 1519 1249 praeterea
1548 1191 1768 1248 μωμεύειν
1797 1190 1959 1248 ἀΐδηλα
1998 1189 2133 1233 verba
2172 1188 2352 1233 Hesiodi
2381 1189 2460 1245 Op.
2492 1193 2574 1234 754
2604 1205 2679 1235 va-

300 1267 418 1310 leant
446 1270 611 1324 (sacra)
649 1268 695 1309 in
734 1267 885 1310 ludum
918 1268 1099 1322 impium
1140 1271 1318 1310 vertere.
1380 1266 1747 1320 Quemadmodum
1781 1252 2092 1308 Buttmannum
2129 1264 2182 1307 de
2229 1264 2354 1306 varia
2393 1264 2521 1307 huius
2558 1267 2678 1309 vocis

302 1341 619 1397 significatione
655 1340 764 1384 adeo
791 1340 1071 1384 fluctuantem
1099 1341 1307 1393 videmus,
1336 1345 1384 1385 ut
1404 1342 1496 1385 eius
1523 1341 1587 1383 rei
1622 1339 1850 1383 arbitrium
1886 1353 1963 1382 suo
2005 1339 2212 1394 cuiusque
2243 1337 2404 1382 iudicio
2438 1339 2674 1393 permittat,

303 1418 366 1459 sic
395 1417 526 1459 etiam
554 1416 843 1471 grammatica
872 1430 1004 1472 quam
1032 1417 1259 1471 proposuit
1287 1415 1519 1471 explicatio
1547 1414 1662 1458 omni
1689 1413 1968 1457 fundamento
1997 1416 2126 1456 caret.
2190 1412 2329 1456 Docet
2359 1412 2473 1457 enim
2502 1411 2683 1471 ἇΐὸηλος

301 1491 586 1545 compositum
615 1504 710 1532 esse
738 1490 796 1532 ab
827 1510 854 1532 ιι
884 1491 1099 1555 privativo
1127 1494 1170 1532 et
1201 1491 1352 1546 ἰδήλός
1382 1490 1591 1532 adjectivo
1607 1488 1793 1542 quodam
1815 1487 1986 1539 ficticio,
2006 1487 2123 1542 quod
2152 1486 2210 1530 ad
2239 1486 2441 1541 exempla
2468 1489 2682 1543 μιμηλός,

304 1558 492 1621 σιγηλὸς,
523 1563 742 1622 ἀπατηλός
773 1564 1007 1608 formatum
1033 1563 1157 1620 fingit
1184 1564 1462 1619 ineptissime.
1521 1563 1689 1607 Horum
1717 1563 1839 1606 enim'
1858 1561 2167 1606 adiectivorum
2187 1559 2548 1617 significationem
2574 1563 2681 1607 acti-

304 1653 403 1682 vam
432 1639 658 1690 imitantis,
690 1638 868 1691 silentis,
899 1638 1151 1698 decipientis
1180 1638 1366 1683 hominis
1394 1639 1581 1694 primum
1608 1639 1652 1682 in
1687 1638 1910 1694 passivam
1938 1636 2177 1693 detorquet,
2208 1651 2296 1693 qua
2336 1651 2434 1682 cum
2456 1638 2684 1693 negatione

305 1713 513 1770 ἇ-ίδηλος
541 1713 751 1769 significet
787 1713 1062 1766 invisibilem,
1103 1713 1257 1757 deinde
1291 1717 1340 1757 ut
1376 1714 1605 1769 perniciosi
1641 1713 1856 1757 notionem
1894 1727 1990 1756 cum
2028 1712 2136 1756 hace
2180 1711 2425 1767 coniungat,
2460 1712 2683 1767 passivam

304 1801 458 1845 rursus
487 1788 531 1832 in
560 1788 831 1832 causativam
860 1789 1071 1832 invisibile
1100 1790 1316 1832 reddentis
1344 1788 1559 1831 notionem
1577 1787 1736 1831 abiisse
1770 1787 1912 1842 sumit,
1942 1786 2057 1843 quod
2104 1786 2304 1843 quamvis
2334 1786 2555 1830 insolitum
2584 1800 2680 1830 esse

299 1863 484 1920 ingenue
512 1862 714 1916 fateatur,
742 1865 890 1906 tamen
921 1862 1047 1906 nobis
1068 1862 1298 1919 probabile
1316 1862 1495 1906 reddere
1512 1863 1654 1906 studet
1671 1876 1767 1906 cum
1783 1863 1841 1905 ad
1858 1863 2133 1906 vetustiorem
2145 1861 2358 1917 quendam
2368 1861 2542 1917 linguae
2558 1876 2685 1905 usum

305 1936 598 1994 provocando,
649 1936 702 1979 de
742 1949 828 1992 quo
869 1936 986 1980 ultra
1026 1937 1264 1980 Homerum
1302 1937 1411 1980 nihil
1447 1938 1551 1980 certi
1585 1938 1790 1993 augurari
1819 1938 1932 1989 licet,
1970 1942 2063 1979 tum
2098 1950 2202 1979 vero
2240 1937 2449 1979 rationem
2476 1936 2599 1978 illam
2627 1937 2684 1978 ab

305 2013 414 2054 ἰδεῖν
447 2010 676 2054 derivandi
703 2010 748 2052 in
779 2010 935 2065 vulgus
962 2014 1180 2065 receptam
1208 2011 1424 2063 iactando,
1462 2012 1590 2065 quasi
1619 2024 1671 2052 ea
1699 2024 1746 2052 re
1775 2011 2017 2052 accuratior
2045 2011 2319 2064 investigatio
2349 2010 2638 2064 praecidatur.

576 2084 645 2127 Ad
672 2084 782 2126 duas
809 2085 918 2126 istas
947 2077 1226 2127 difficultates
1254 2085 1384 2127 tertia
1412 2085 1589 2139 accedit,
1621 2084 1738 2139 quod
1768 2080 1920 2141 ἰδήλός
1955 2083 2066 2126 illud
2102 2083 2319 2135 ficticium,
2361 2082 2476 2127 unde
2504 2083 2685 2140 ἀΐδηλος

301 2159 588 2213 compositum
616 2172 709 2200 esse
736 2158 812 2200 ille
845 2157 962 2210 dicit,
991 2172 1045 2200 ne
1074 2158 1214 2200 forma
1245 2158 1420 2213 quidem
1449 2162 1598 2213 aptum
1626 2163 1692 2201 est
1719 2159 1777 2201 ad
1812 2159 2018 2214 μιμηλρς,
2058 2157 2250 2214 σιγηλός,
2290 2156 2509 2214 ἇπατηλός
2536 2177 2550 2211 ,·
2579 2157 2686 2201 haec

300 2234 414 2277 enim
443 2247 470 2275 a
499 2234 734 2287 μιμέομαι,
764 2234 916 2289 σιγάω,
949 2231 1128 2276 ἆπατὰω
1159 2232 1436 2286 descendunt,
1464 2232 1574 2276 illud
1603 2247 1705 2277 vero
1734 2247 1820 2276 non
1851 2233 1907 2276 ab
1925 2233 2045 2283 ἰδέω,
2076 2232 2151 2276 sed
2182 2231 2238 2276 ab
2271 2233 2353 2276 ἰὸω
2380 2232 2568 2276 themate
2597 2231 2684 2289 (vel
2753 2286 2755 2291 .

305 2309 343 2351 si
373 2307 595 2363 digamma
622 2307 840 2360 restituas,
869 2309 1001 2358 Flam,
1031 2309 1224 2363 Γίδοιμι,
1257 2309 1372 2356 Ειδέ,
1403 2307 1575 2363 Fumat),
1608 2322 1634 2351 a
1664 2322 1749 2363 quo
1779 2308 1816 2351 si
1845 2321 2038 2364 unquam
2071 2307 2220 2364 ἷδηλός
2249 2307 2497 2360 exstitisset,
2524 2306 2572 2350 id
2598 2305 2686 2350 bis·
2732 2316 2746 2325 ⁸

306 2381 479 2437 syllaba
508 2381 812 2425 terminatione
842 2381 1099 2437 ampliatum
1128 2386 1253 2435 esset,
1283 2382 1404 2425 cuius
1434 2382 1600 2437 generis
1629 2381 1796 2424 nullum
1827 2381 1944 2436 apud
1983 2381 2221 2425 Homerum
2258 2384 2400 2424 exstat
2427 2380 2684 2436 exemplum.

299 2455 432 2498 Vides
463 2468 595 2510 quam
624 2454 795 2497 lubrico
832 2455 1111 2499 fundamento
1151 2456 1317 2498 nitatur
1353 2456 1439 2497 ista
1475 2454 1717 2510 originatio,
1754 2468 1885 2509 quam
1921 2454 2063 2497 adhuc
2100 2455 2182 2497 viri
2228 2454 2344 2497 docti
2390 2458 2561 2497 tantum
2596 2466 2683 2496 non

304 2543 451 2574 omnes
480 2533 668 2572 tuentur.

575 2603 627 2645 In
654 2602 827 2658 reliqua
856 2604 1170 2647 dissertationis
1211 2607 1349 2659 parte,
1390 2617 1477 2659 qua
1512 2603 1802 2646 Buttmannus
1839 2617 1925 2646 uno
1961 2603 2056 2646 loco
2092 2604 2144 2646 ΙΙ.
2185 2603 2230 2646 ΙΙ
2266 2606 2349 2646 318
2390 2617 2471 2657 pro
2510 2602 2684 2657 volgata

302 2678 486 2721 lectione
517 2676 725 2734 ἀρίζηλον
748 2677 934 2721 alteram
963 2676 1143 2735 ἀΐδηλον
1170 2678 1359 2721 Homero
1390 2678 1615 2733 sagaciter,
1647 2677 1722 2721 sed
1748 2677 1942 2721 timidius
1974 2691 2105 2733 quam
2134 2676 2330 2730 decebat,
2367 2676 2587 2720 vindicare
2616 2689 2686 2719 co-

302 2756 448 2805 natur,
480 2751 559 2795 hoc
596 2750 778 2810 ἀΐδηλος
807 2752 897 2796 iota
924 2752 1053 2808 longo
1083 2753 1139 2797 ab
1168 2753 1395 2796 usitatiore
1423 2753 1512 2806 illo,
1543 2753 1657 2808 quod
1686 2757 1814 2797 antea
1841 2754 1886 2797 in
1925 2753 2174 2808 quaestione
2202 2753 2466 2797 versabatur
2492 2755 2536 2796 et
2563 2751 2684 2794 cuius

303 2827 395 2870 iota
423 2826 637 2869 Homerus
666 2826 862 2882 corripit,
892 2827 1022 2882 plane
1052 2826 1269 2870 diversum
1300 2831 1343 2870 et
1371 2828 1544 2871 unicum
1563 2827 1807 2884 exemplum
1824 2842 1918 2871 esse
1944 2827 2173 2880 contendit,
2204 2842 2290 2882 quo
2308 2826 2526 2871 invisibile
2554 2824 2685 2880 signi-

301 2900 467 2954 ficetur,
505 2900 690 2945 formam
717 2914 770 2944 ex
801 2900 997 2953 ἅείδελος
1026 2905 1176 2944 natam
1204 2915 1297 2944 esse
1326 2905 1556 2944 autumans
1585 2906 1633 2945 ut
1669 2902 1918 2958 ἀπερει’σιος
1953 2915 2006 2945 ex
2041 2901 2309 2957 ἆπειρέσιος.
2344 2902 2405 2945 Ut
2431 2901 2512 2943 hoc
2541 2913 2692 2958 exem--

302 2976 427 3032 plum
455 2976 741 3021 metatheseos
768 2991 920 3020 verum
947 2990 1042 3021 esse
1073 2977 1371 3030 concedamus,
1400 2982 1544 3021 tamen
1575 2978 1632 3021 ad
1671 2977 1849 3035 ἀΐδηλος
1883 2992 1970 3021 non
2009 2977 2210 3033 quadrat,
2256 2977 2361 3033 quia
2394 2975 2526 3020 tertia
2554 2973 2683 3018 huius

301 3050 504 3094 vocabuli
533 3050 705 3106 syllaba
732 3065 818 3094 non
846 3051 951 3094 item
980 3052 1212 3106 corripitur
1239 3055 1369 3106 prout
1415 3052 1603 3094 secunda
1640 3053 1904 3107 producitur.
1963 3052 2046 3094 Sed
2086 3053 2285 3094 universe
2313 3050 2424 3103 illud
2452 3049 2683 3092 discrimen

302 3123 357 3168 ob
389 3123 606 3180 syllabam
633 3124 766 3168 semel
793 3125 1052 3180 productam
1081 3125 1213 3168 statui
1243 3140 1328 3169 non
1349 3126 1488 3182 magis
1502 3126 1615 3179 licet,
1644 3140 1776 3182 quam
1798 3127 1835 3169 si
1852 3126 1949 3182 quis
1965 3125 2126 3179 ἀάατος
2146 3124 2347 3170 vo'cabuli
2359 3125 2489 3169 tertio
2506 3143 2533 3168 a
2551 3122 2684 3167 semel

300 3198 511 3255 producto
541 3198 593 3242 11.
623 3198 727 3242 XIV
757 3202 835 3242 271
869 3204 1019 3244 contra
1047 3199 1116 3243 bis
1147 3203 1393 3256 correptum
1423 3200 1501 3244 Od.
1531 3201 1635 3244 XXI
1663 3205 1730 3245 91.
1761 3201 1887 3245 XXII
1924 3205 1977 3254 5.,
2021 3201 2090 3245 vel
2122 3198 2254 3256 Ἀρες
2292 3199 2426 3257 Ἀρες
2465 3199 2516 3242 Il.
2545 3198 2585 3241 V
2612 3201 2683 3241 31.

298 3277 412 3326 455„
457 3277 534 3317 aut
561 3272 803 3332 ἀρίγνωτος
833 3274 1033 3318 vocabuli
1060 3275 1150 3318 iota
1181 3274 1312 3318 semel
1341 3280 1539 3332 correpto
1569 3277 1646 3320 Od.
1676 3277 1801 3321 XVII
1832 3281 1913 3322 375
1943 3276 2000 3320 ad
2031 3276 2262 3320 discrimen
2292 3276 2406 3319 inter
2435 3274 2565 3317 binas
2593 3272 2681 3316 for-

298 3361 395 3392 mas
424 3349 699 3394 statuendum
730 3350 795 3394 uti
823 3350 939 3405 velit,
970 3364 1069 3394 cum
1094 3364 1141 3394 re
1170 3364 1274 3394 vera
1301 3353 1432 3407 poeta
1461 3353 1587 3396 metri
1616 3353 1759 3409 gratia
1777 3365 1891 3395 nunc
1905 3352 2020 3395 hanc
2035 3365 2149 3396 nunc
2174 3351 2298 3395 illam
2337 3350 2421 3394 sibi
2450 3347 2685 3404 sumpserit
