3009 3977
1453 235 1520 284 10

289 411 518 461 „proterve
540 404 611 448 vel
638 407 771 448 nimia
800 418 894 448 cum
922 405 1112 448 audacia
1141 405 1427 456 conviciarif‘
1452 415 1541 458 qua
1569 402 1678 447 nihil
1705 403 1925 448 contextui
1970 402 2290 448 convenientius
2334 401 2425 447 >diei
2451 416 2583 460 posse
2609 403 2677 448 vi-

291 477 420 523 detur
564 551 785 596 Adverbio
813 553 949 596 utitur
978 551 1194 595 Homerus
1221 551 1273 594 11.
1289 550 1407 594 -XXI
1435 553 1532 603 220,
1560 551 1638 595 ubi
1666 551 1981 596 Scamandrum
2007 551 2195 596 fluvium
2222 551 2458 596 humanam
2487 552 2672 608 speciem

289 627 488 671 indutum
516 627 678 670 Achilli
705 627 887 670 nimiam
915 627 960 669 in
999 624 1243 669 occidendis
1281 625 1480 667 Troianis
1519 624 1654 668 animi
1692 624 1899 669 ferociam
1934 626 2238 682 ohim-gentem
2273 625 2379 669 facit
2404 625 2472 668 his
2501 625 2669 669 verbis:
2734 643 2737 655 ⁴

293 701 348 745 σὺ
380 701 429 744 δὲ
461 706 640 754 κτείνεις
670 699 877 757 ἀϊδήλως,
904 708 950 744 tn
979 707 1121 744 autem
1150 702 1314 743 occidis
1342 700 1554 753 ferociter.

505 793 515 798 -
564 774 798 830 Reliquum
827 777 895 818 est
922 777 972 817 ut
998 772 1235 825 videamuS,
1267 786 1353 827 quo
1382 781 1512 816 sensu
1545 772 1777 827 Sophocles
1818 772 1989 817 Plutoni
2017 771 2198 830 ἀΐδηλον
2238 773 2455 829 epitheton
2482 773 2673 828 imperti-

292 849 403 892 verit
431 849 498 891 Ai.
530 851 632 892 608:
2506 836 2510 839 ”

839 922 912 965 τὸν
942 920 1188 976 ἀπότροπον
1218 919 1402 976 ἀΐδηλον
1433 918 1617 971 ‘'Aaoav,

290 995 578 1040 invisibilisne
606 1010 665 1040 an
695 996 872 1040 violenti
902 1010 1042 1040 sensu.
1103 995 1274 1049 Quanto
1304 992 1563 1050 significatio
1591 995 1768 1039 violenti
1796 1010 1923 1051 saepe
1951 995 2029 1038 illa
2059 995 2177 1051 apud
2196 996 2433 1040 Homerum
2459 994 2589 1040 obvia
2615 995 2674 1039 ad

289 1070 486 1116 Plutonis
513 1071 734 1127 ingenium
762 1069 1021 1115 mortalibus
1049 1069 1254 1114 infestum
1282 1074 1325 1113 et
1351 1069 1618 1113 inexorabile
1634 1069 1947 1126 designandum
1973 1075 2166 1126 praestet
2193 1069 2428 1127 languidae
2455 1070 2522 1115 illi
2550 1071 2672 1115 scho-

292 1144 447 1188 liastae
476 1144 822 1200 interpretationi
851 1143 924 1187 τὸν
954 1142 1135 1200 ἀΐδηλον
1167 1142 1243 1186 καί
1273 1141 1435 1200 ἀφανῆ,
1463 1158 1587 1187 nemo
1615 1159 1700 1187 non
1725 1144 1949 1199 intelliget,
1983 1146 2057 1199 qui
2085 1146 2337 1189 commentis
2368 1146 2543 1189 insulsis
2570 1159 2672 1201 neg—

291 1217 415 1263 lectis
444 1223 623 1275 propter
649 1218 914 1276 praecedens
944 1216 1189 1275 ἀπότροπον
1218 1217 1507 1275 (horribilem)
1538 1218 1692 1263 fortius
1722 1219 1967 1274 appositum
1998 1234 2130 1275 quam
2160 1218 2311 1277 ἀφανῆ
2339 1220 2503 1275 requiri
2533 1220 2670 1264 consi-

293 1293 512 1338 deraverit
540 1295 868 1349 memineritque
900 1297 1112 1350 στυγεροῦ
1154 1295 1348 1337 ’AFc'd‘ao
1377 1293 1428 1336 Il.
1460 1294 1565 1337 VIII
1595 1297 1677 1337 368
1704 1299 1749 1337 et

982 1366 1167 1423 'AFa'sqc
1199 1383 1266 1409 τοι
1295 1365 1519 1422 ἀμείλιχος
1551 1366 1610 1424 ἧὸ
1623 1367 1884 1422 ’ἀδάμαστος
1914 1385 1924 1394 ·

650 1443 832 1485 τούνεκα
864 1444 945 1484 καί
967 1457 1009 1482 τε
1040 1444 1242 1496 βροτοῖσι
1271 1443 1387 1483 θεῶν
1416 1441 1622 1495 ἔχθιστος
1654 1442 1866 1486 ἁπάντων.
1925 1443 1976 1485 Il.
2008 1443 2069 1486 IX
2101 1447 2195 1486 158.

291 1516 390 1559 Sine
420 1515 512 1558 ullo
541 1515 675 1559 dubio
704 1515 954 1570 Homerum,
984 1515 1060 1570 qui
1096 1514 1339 1557 Minervam
1379 1518 1421 1556 et
1454 1514 1641 1559 Martem
1681 1515 1783 1559 deos
1821 1516 2000 1560 bellicos
2042 1516 2251 1574 ἇϊὸήλους
2291 1516 2342 1559 11.
2384 1516 2422 1558 V
2460 1520 2556 1561 880.
2587 1520 2670 1561 897

290 1589 494 1644 audaces,
524 1590 734 1633 violentos
763 1589 1016 1646 appellavit,
1045 1589 1240 1632 imitatus
1259 1592 1325 1632 est
1342 1591 1470 1645 poe'ta
1503 1589 1827 1648 ὃμηρικώτατος
1847 1593 1879 1648 ¹)
1910 1591 1967 1635 ad
1994 1591 2189 1636 Plutonis
2217 1591 2439 1648 ingenium
2467 1591 2670 1636 infestum

291 1665 614 1721 violentumque
642 1679 796 1707 nomen
825 1665 935 1707 illud
956 1665 1189 1720 aptissime
1216 1665 1495 1707 transferens.

564 1741 760 1794 Denique
797 1740 843 1781 in
879 1739 1100 1794 epitaphio
1135 1740 1370 1794 Smyrnaeo
1403 1739 1591 1782 incertae
1633 1741 1788 1796 aetatis
1825 1741 1870 1783 C.
1907 1741 1939 1783 Ι.
1985 1741 2060 1784 Gr.
2097 1754 2138 1783 n.
2180 1742 2290 1784 3328
2330 1736 2511 1793 ἇΐδαλος
2552 1741 2672 1796 Τύχα

290 1815 485 1858 Fortuna
513 1814 714 1866 violenta,
745 1814 976 1856 temeraria
1004 1813 1253 1869 appellatur
1282 1828 1319 1854 v.
1354 1818 1395 1855 5:

844 1890 1002 1944 πέτρος
1034 1888 1108 1929 ὅδε
1137 1892 1319 1939 ξεινοῖσι
1350 1889 1570 1941 (lodo-stat,
1605 1888 1665 1940 ὥς
1695 1885 1873 1939 ἆΐδάλος

897 1961 1094 2018 ἀσφαλὲς
1125 1961 1376 2016 ἀνθρώποις
1408 1961 1540 2004 οὐθὲν
1570 1963 1713 2016 ἔνειμε
1747 1964 1879 2016 Τύχα.

839 2038 924 2079 Hic
952 2036 1066 2090 lapis
1095 2036 1338 2091 hospitibus
1368 2037 1586 2088 clamabit,
1621 2051 1752 2090 quam
1782 2037 1969 2079 violenta

893 2110 966 2153 Nil
995 2110 1189 2154 Fortuna
1217 2110 1381 2153 homini
1409 2110 1579 2153 firmum
1606 2111 1686 2153 ulli
1712 2110 1890 2153 tribuat.

290 2187 525 2230 Auctorem
555 2186 756 2241 antiquos
784 2187 934 2241 poetas
964 2185 1165 2241 inprimis
1195 2184 1432 2228 Homerum
1461 2186 1679 2228 imitatum
1695 2200 1788 2228 esse
1807 2184 1998 2228 delectus
2028 2184 2258 2229 verborum
2275 2185 2510 2240 epicorum,
2539 2187 2669 2229 etiam

290 2262 337 2304 in
365 2261 548 2316 reliquis
577 2259 775 2304 versibus
805 2260 1077 2315 conspicuus,
1108 2260 1268 2315 arguit,
1301 2273 1435 2314 quare
1464 2259 1542 2302 illa
1571 2259 1722 2303 eodem
1751 2274 1879 2303 sensu
1908 2259 2048 2313 accipi
2077 2259 2189 2312 licet,
2219 2263 2446 2314 praeterea
2463 2261 2671 2315 interpre-

290 2335 398 2378 tatio
426 2338 579 2378 nostra
609 2338 803 2378 veterum
840 2333 1030 2389 opinioni
1069 2333 1122 2376 de
1153 2333 1347 2376 Fortuna
1387 2338 1617 2389 conceptae
1655 2334 1898 2390 respondet,
1934 2334 2055 2377 cuius
2092 2334 2299 2378 Horatius
2339 2348 2510 2390 quoque
2545 2335 2669 2378 testis

294 2414 358 2453 est
389 2409 531 2453 Carm.
564 2409 598 2465 1,
631 2413 699 2462 34,
732 2413 806 2452 14:

1179 2481 1280 2525 hinc
1310 2483 1478 2538 apicem
1507 2496 1646 2537 rapax

830 2557 1023 2599 Fortuna
1052 2571 1149 2598 cum
1179 2556 1365 2599 stridore
1395 2561 1522 2599 acuto

867 2630 1061 2683 Sustulit,
1091 2631 1161 2673 hic
1190 2631 1386 2686 posuisse
1414 2630 1585 2686 gaudet.

563 2707 801 2762 Postquam
831 2706 948 2749 vocis
978 2706 1126 2761 epicae
1155 2705 1488 2761 significationes
1513 2706 1601 2748 iam
1634 2705 1733 2748 inde
1771 2720 1798 2749 a
1834 2706 2127 2762 grammaticis
2163 2705 2472 2749 Alexandrinis
2502 2705 2671 2751 oblitte-

293 2786 416 2826 ratas
445 2796 524 2838 per
553 2785 744 2825 vetustos
775 2784 929 2837 poetas
959 2781 1335 2841 perlustravimus,
1368 2795 1390 2823 e
1419 2795 1465 2824 re
1493 2781 1575 2824 erit
1603 2795 1750 2825 earum
1780 2782 1974 2827 ordinem
2001 2786 2044 2826 et
2072 2783 2283 2827 rationem
2312 2781 2436 2825 brevi
2462 2782 2544 2825 hoc
2573 2795 2671 2825 con-

292 2862 443 2913 spectu
472 2870 722 2913 proponere.

1112 2929 1320 2987 Ἀΐδηλος
1351 2930 1562 2973 vocabulo
1592 2931 1859 2987 significatur

497 3011 533 3049 1.
566 3006 758 3061 proprie:
790 3006 1025 3050 admodum
1056 3005 1227 3057 ardens,
1258 3003 1460 3060 flagrans,
1499 3008 1585 3058 πῦρ
1615 3004 1794 3062 ἀΐδηλον
1823 3005 1873 3048 11.
1906 3005 1950 3048 II
1979 3008 2074 3049 455.
2106 3005 2168 3048 IX
2197 3008 2292 3049 436.
2325 3004 2387 3048 XI
2419 3008 2512 3048 155.

562 3079 793 3123 translate:
826 3080 997 3134 ardens,
1026 3078 1232 3132 fervidus,
1263 3079 1421 3132 audax,
1451 3080 1718 3132 temerarius,
1749 3079 1975 3131 violentuS,
2005 3077 2158 3136 '‘quc
2189 3078 2268 3123 Od.
2287 3078 2394 3122 VIII
2425 3082 2520 3123 309.
2550 3078 2601 3122 11.
2632 3077 2671 3122 V

565 3159 662 3208 897,
692 3163 795 3207 παῖς
824 3152 1048 3212 (Ἀ8ήνη)
1078 3154 1128 3198 Il.
1159 3154 1199 3197 V
1228 3158 1339 3208 880„
1373 3154 1533 3206 ‘bled'ag
1549 3155 1677 3210 Soph.
1701 3156 1767 3199 Ai.
1799 3158 1907 3208 608„
1941 3155 2057 3210 Τύχα
2090 3153 2135 3199 C.
2165 3154 2198 3198 Ῑ.
2231 3154 2306 3199 Gr.
2337 3169 2378 3198 n.
2410 3157 2532 3199 3328.

506 3332 533 3375 ι)
558 3334 727 3375 Lechner,
753 3334 795 3368 de
820 3334 993 3377 Sophocle
1016 3338 1120 3377 poeta
1145 3331 1432 3378 ὁμηρικωιάῐῳ.
1481 3334 1656 3376 Erlangae
1682 3333 1780 3367 1859.
